Year,Month,Date,Vendor,Amount,Category,Section,Checking Balance,Type,,,,
2013,January,1/2/2013,Netflix,$16.46 ,TV,Utilities,"$3,788.39 ",Expense,,,,
2013,January,1/2/2013,BJs,$47.61 ,Groceries,Food,"$3,740.78 ",Expense,,,,
2013,January,1/3/2013,DFAS,"$3,412.80 ",Joey Income,Gross Income,"$7,153.58 ",Income,,,,
2013,January,1/3/2013,Verizon Wireless,$156.55 ,Cell Phone,Utilities,"$6,997.03 ",Expense,,,,
2013,January,1/3/2013,BB&T,"$1,515.59 ",Mortgage,Housing,"$5,481.44 ",Expense,,,,
2013,January,1/3/2013,BB&T,$329.00 ,Property Taxes,Housing,"$5,152.44 ",Expense,,,,
2013,January,1/3/2013,BB&T,$72.00 ,Property Insurance,Housing,"$5,080.44 ",Expense,,,,
2013,January,1/3/2013,FEGLI,$24.20 ,Life Insurance,Medical,"$5,056.24 ",Expense,,,,
2013,January,1/3/2013,FEHB,$97.32 ,Health Insurance,Medical,"$4,958.92 ",Expense,,,,
2013,January,1/3/2013,OASDI,$205.56 ,Social Security,Taxes,"$4,753.36 ",Expense,,,,
2013,January,1/3/2013,Federal Tax,$285.59 ,Federal Taxes,Taxes,"$4,467.77 ",Expense,,,,
2013,January,1/3/2013,Medicare,$48.07 ,Medicare,Taxes,"$4,419.70 ",Expense,,,,
2013,January,1/3/2013,State Tax,$191.25 ,State Taxes,Taxes,"$4,228.45 ",Expense,,,,
2013,January,1/3/2013,FERS,$27.30 ,FERS,Retirement,"$4,201.15 ",Expense,,,,
2013,January,1/4/2013,Walmart,$30.62 ,Children Clothes,Clothing,"$4,170.53 ",Expense,,,,
2013,January,1/4/2013,BJs,$36.31 ,Gas,Transportation,"$4,134.22 ",Expense,,,,
2013,January,1/4/2013,BJs,$30.00 ,Baby Supplies,Personal,"$4,104.22 ",Expense,,,,
2013,January,1/4/2013,BJs,$53.34 ,Groceries,Food,"$4,050.88 ",Expense,,,,
2013,January,1/7/2013,USPS,$5.15 ,Gifts,Personal,"$4,045.73 ",Expense,,,,
2013,January,1/7/2013,Amazon,$15.58 ,Supplements,Personal,"$4,030.15 ",Expense,,,,
2013,January,1/7/2013,Quiznos,$17.35 ,FUN,Personal,"$4,012.80 ",Expense,,,,
2013,January,1/7/2013,UPS,$17.69 ,Gifts,Personal,"$3,995.11 ",Expense,,,,
2013,January,1/7/2013,Safeway,$47.59 ,Gas,Transportation,"$3,947.52 ",Expense,,,,
2013,January,1/7/2013,MOMs,$56.50 ,Groceries,Food,"$3,891.02 ",Expense,,,,
2013,January,1/8/2013,BJs,$6.86 ,Misc.,Personal,"$3,884.16 ",Expense,,,,
2013,January,1/8/2013,Comcast,$70.37 ,Internet,Utilities,"$3,813.79 ",Expense,,,,
2013,January,1/8/2013,La Plata Baptist Church,$500.00 ,Charity,Charity,"$3,313.79 ",Expense,,,,
2013,January,1/10/2012,Red Robin,$12.00 ,Misc.,Personal,"$3,301.79 ",Expense,,,,
2013,January,1/11/2013,BJs,$36.83 ,Gas,Transportation,"$3,264.96 ",Expense,,,,
2013,January,1/14/2013,MOMs,$61.62 ,Groceries,Food,"$3,203.34 ",Expense,,,,
2013,January,1/14/2013,Chick-Fil-A,$17.22 ,Misc.,Personal,"$3,186.12 ",Expense,,,,
2013,January,1/14/2013,Sweet Frog,$7.48 ,Misc.,Personal,"$3,178.64 ",Expense,,,,
2013,January,1/14/2013,ATM Deposit,$50.00 ,Other Income,Gross Income,"$3,228.64 ",Income,,,,
2013,January,1/14/2013,Sweet Frog,$7.55 ,Restaurants,Food,"$3,221.09 ",Expense,,,,
2013,January,1/14/2013,Fandango,$17.50 ,Entertainment,Recreation,"$3,203.59 ",Expense,,,,
2013,January,1/14/2013,Szechuan Garden,$51.75 ,Restaurants,Food,"$3,151.84 ",Expense,,,,
2013,January,1/15/2013,Sea Wings Cafe,$8.73 ,Restaurants,Food,"$3,143.11 ",Expense,,,,
2013,January,1/16/2013,Sallie Mae,$82.06 ,Rachel Sallie Mae,Debts,"$3,061.05 ",Expense,,,,
2013,January,1/17/2013,DFAS,"$3,412.80 ",Joey Income,Gross Income,"$6,473.85 ",Income,,,,
2013,January,1/17/2013,FEGLI,$24.20 ,Life Insurance,Medical,"$6,449.65 ",Expense,,,,
2013,January,1/17/2013,FEHB,$97.32 ,Health Insurance,Medical,"$6,352.33 ",Expense,,,,
2013,January,1/17/2013,OASDI,$205.56 ,Social Security,Taxes,"$6,146.77 ",Expense,,,,
2013,January,1/17/2013,Federal Tax,$285.59 ,Federal Taxes,Taxes,"$5,861.18 ",Expense,,,,
2013,January,1/17/2013,Medicare,$48.08 ,Medicare,Taxes,"$5,813.10 ",Expense,,,,
2013,January,1/17/2013,State Tax,$191.25 ,State Taxes,Taxes,"$5,621.85 ",Expense,,,,
2013,January,1/17/2013,FERS,$27.30 ,FERS,Retirement,"$5,594.55 ",Expense,,,,
2013,January,1/17/2013,BJs,$34.87 ,Gas,Transportation,"$5,559.68 ",Expense,,,,
2013,January,1/17/2013,Toys-R-Us,$64.60 ,Gifts,Personal,"$5,495.08 ",Expense,,,,
2013,January,1/18/2013,Safeway,$55.54 ,Gas,Transportation,"$5,439.54 ",Expense,,,,
2013,January,1/18/2013,BJs,$50.00 ,Misc.,Personal,"$5,389.54 ",Expense,,,,
2013,January,1/18/2013,BJs,$24.99 ,Gifts,Personal,"$5,364.55 ",Expense,,,,
2013,January,1/18/2013,BJs,$43.42 ,Groceries,Food,"$5,321.13 ",Expense,,,,
2013,January,1/22/2013,Amazon,$36.25 ,Supplements,Personal,"$5,284.88 ",Expense,,,,
2013,January,1/22/2013,Sallie Mae,$15.60 ,Joey Sallie Mae,Debts,"$5,269.28 ",Expense,,,,
2013,January,1/22/2013,Sallie Mae,$28.84 ,Joey Sallie Mae,Debts,"$5,240.44 ",Expense,,,,
2013,January,1/22/2013,Sallie Mae,$30.94 ,Joey Sallie Mae,Debts,"$5,209.50 ",Expense,,,,
2013,January,1/22/2013,Sallie Mae,$55.91 ,Joey Sallie Mae,Debts,"$5,153.59 ",Expense,,,,
2013,January,1/22/2013,Sallie Mae,$66.87 ,Joey Sallie Mae,Debts,"$5,086.72 ",Expense,,,,
2013,January,1/22/2013,Sallie Mae,$68.94 ,Joey Sallie Mae,Debts,"$5,017.78 ",Expense,,,,
2013,January,1/22/2013,Geico,$161.31 ,Car Insurance,Transportation,"$4,856.47 ",Expense,,,,
2013,January,1/23/2013,MOMs,$17.14 ,Groceries,Food,"$4,839.33 ",Expense,,,,
2013,January,1/24/2013,BJs,$31.25 ,Gas,Transportation,"$4,808.08 ",Expense,,,,
2013,January,1/24/2013,World Vision,$60.00 ,Charity,Charity,"$4,748.08 ",Expense,,,,
2013,January,1/24/2013,La Plata Baptist Church,$242.56 ,Charity,Charity,"$4,505.52 ",Expense,,,,
2013,January,1/25/2013,Sea Wings Cafe,$6.54 ,Restaurants,Food,"$4,498.98 ",Expense,,,,
2013,January,1/25/2013,Transfer to Car,$100.00 ,Car Maintenance,Transportation,"$4,398.98 ",Expense,,,,
2013,January,1/28/2013,Safeway,$9.36 ,Restaurants,Food,"$4,389.62 ",Expense,,,,
2013,January,1/29/2013,BJs,$24.25 ,Groceries,Food,"$4,365.37 ",Expense,,,,
2013,February,1/30/2013,Books-A-Million,$23.17 ,Gifts,Personal,"$4,342.20 ",Expense,,,,
2013,January,1/30/2013,SMECO,$197.00 ,Electric,Utilities,"$4,145.20 ",Expense,,,,
2013,February,1/31/2013,DFAS,"$3,412.80 ",Joey Income,Gross Income,"$7,558.00 ",Income,,,,
2013,February,1/31/2013,FEGLI,$24.20 ,Life Insurance,Medical,"$7,533.80 ",Expense,,,,
2013,February,1/31/2013,FEHB,$102.19 ,Health Insurance,Medical,"$7,431.61 ",Expense,,,,
2013,February,1/31/2013,OASDI,$205.26 ,Social Security,Taxes,"$7,226.35 ",Expense,,,,
2013,February,1/31/2013,Federal Tax,$279.38 ,Federal Taxes,Taxes,"$6,946.97 ",Expense,,,,
2013,February,1/31/2013,Medicare,$48.00 ,Medicare,Taxes,"$6,898.97 ",Expense,,,,
2013,February,1/31/2013,State Tax,$190.88 ,State Taxes,Taxes,"$6,708.09 ",Expense,,,,
2013,February,1/31/2013,FERS,$27.30 ,FERS,Retirement,"$6,680.79 ",Expense,,,,
2013,January,1/31/2013,BJs,$32.40 ,Gas,Transportation,"$6,648.39 ",Expense,,,,
2013,January,1/31/2013,SMJJA,$50.00 ,Exercise,Recreation,"$6,598.39 ",Expense,,,,
2013,January,1/31/2013,Dividend,$0.18 ,Other Income,Gross Income,"$6,598.57 ",Income,,,,
2013,January,2/4/2013,Transfer to Savings,$300.00 ,Savings,Saving,"$6,298.57 ",Expense,,,,
2013,February,2/1/2013,Verizon Wireless,$156.19 ,Cell Phone,Utilities,"$6,142.38 ",Expense,,,,
2013,February,2/1/2013,Charles County Government,$57.11 ,Water,Utilities,"$6,085.27 ",Expense,,,,
2013,January,2/4/2013,ATM Deposit,$50.00 ,Other Income,Gross Income,"$6,135.27 ",Income,,,,
2013,February,2/4/2013,Netflix,$16.46 ,TV,Utilities,"$6,118.81 ",Expense,,,,
2013,February,2/4/2013,Walmart,$3.78 ,Groceries,Food,"$6,115.03 ",Expense,,,,
2013,February,2/4/2013,Walmart,$25.60 ,Children Clothes,Clothing,"$6,089.43 ",Expense,,,,
2013,February,2/4/2013,MOMs,$97.93 ,Groceries,Food,"$5,991.50 ",Expense,,,,
2013,February,2/4/2013,BJs,$62.62 ,Groceries,Food,"$5,928.88 ",Expense,,,,
2013,February,2/4/2013,BJs,$44.98 ,Baby Supplies,Personal,"$5,883.90 ",Expense,,,,
2013,February,2/4/2013,BJs,$4.90 ,Misc.,Personal,"$5,879.00 ",Expense,,,,
2013,February,2/4/2013,BB&T,"$1,515.59 ",Mortgage,Housing,"$4,363.41 ",Expense,,,,
2013,February,2/4/2013,BB&T,$329.00 ,Property Taxes,Housing,"$4,034.41 ",Expense,,,,
2013,February,2/4/2013,BB&T,$72.00 ,Property Insurance,Housing,"$3,962.41 ",Expense,,,,
2013,February,2/5/2013,Shell,$60.55 ,Gas,Transportation,"$3,901.86 ",Expense,,,,
2013,February,2/5/2013,La Plata Baptist Church,$500.00 ,Charity,Charity,"$3,401.86 ",Expense,,,,
2013,February,2/6/2013,Sea Wings Cafe,$8.83 ,Restaurants,Food,"$3,393.03 ",Expense,,,,
2013,February,2/6/2013,Amazon,$14.25 ,Groceries,Food,"$3,378.78 ",Expense,,,,
2013,February,2/6/2013,BJs,$32.15 ,Gas,Transportation,"$3,346.63 ",Expense,,,,
2013,February,2/6/2013,Waste Management,$120.95 ,Trash,Utilities,"$3,225.68 ",Expense,,,,
2013,February,2/8/2013,Comcast,$72.37 ,Internet,Utilities,"$3,153.31 ",Expense,,,,
2013,February,2/11/2013,MOMs,$44.42 ,Groceries,Food,"$3,108.89 ",Expense,,,,
2013,February,2/11/2013,Ogas Asian Cuisine,$29.00 ,Restaurants,Food,"$3,079.89 ",Expense,,,,
2013,February,2/11/2013,Subway,$12.99 ,Restaurants,Food,"$3,066.90 ",Expense,,,,
2013,February,2/11/2013,Motherhood,$14.47 ,Clothes,Clothing,"$3,052.43 ",Expense,,,,
2013,February,2/11/2013,Shell,$35.52 ,Gas,Transportation,"$3,016.91 ",Expense,,,,
2013,February,2/12/2013,Motherhood,$8.47 ,Clothes,Clothing,"$3,008.44 ",Expense,,,,
2013,February,2/12/2013,BJs,$36.26 ,Groceries,Food,"$2,972.18 ",Expense,,,,
2013,February,2/12/2013,SMECO,$260.29 ,Electric,Utilities,"$2,711.89 ",Expense,,,,
2013,February,2/13/2013,Motherhood,$8.48 ,Clothes,Clothing,"$2,703.41 ",Expense,,,,
2013,February,2/14/2013,DFAS,"$3,412.80 ",Joey Income,Gross Income,"$6,116.21 ",Income,,,,
2013,February,2/14/2013,FEGLI,$24.20 ,Life Insurance,Medical,"$6,092.01 ",Expense,,,,
2013,February,2/14/2013,FEHB,$102.19 ,Health Insurance,Medical,"$5,989.82 ",Expense,,,,
2013,February,2/14/2013,OASDI,$205.26 ,Social Security,Taxes,"$5,784.56 ",Expense,,,,
2013,February,2/14/2013,Federal Tax,$239.38 ,Federal Taxes,Taxes,"$5,545.18 ",Expense,,,,
2013,February,2/14/2013,Medicare,$48.01 ,Medicare,Taxes,"$5,497.17 ",Expense,,,,
2013,February,2/14/2013,State Tax,$115.56 ,State Taxes,Taxes,"$5,381.61 ",Expense,,,,
2013,February,2/14/2013,FERS,$27.30 ,FERS,Retirement,"$5,354.31 ",Expense,,,,
2013,February,2/15/2013,BJs,$18.00 ,FUN,Personal,"$5,336.31 ",Expense,,,,
2013,February,2/15/2013,BJs,$16.45 ,Groceries,Food,"$5,319.86 ",Expense,,,,
2013,February,2/19/2013,BJs,$38.13 ,Gas,Transportation,"$5,281.73 ",Expense,,,,
2013,February,2/19/2013,ATM Deposit,$25.00 ,Other Income,Gross Income,"$5,306.73 ",Income,,,,
2013,February,2/19/2013,ATM Deposit,$25.00 ,Other Income,Gross Income,"$5,331.73 ",Income,,,,
2013,February,2/19/2013,BJs,$5.80 ,Misc.,Personal,"$5,325.93 ",Expense,,,,
2013,February,2/19/2013,Sweet Frog,$7.41 ,FUN,Personal,"$5,318.52 ",Expense,,,,
2013,February,2/19/2013,QDOBA,$19.47 ,FUN,Personal,"$5,299.05 ",Expense,,,,
2013,February,2/19/2013,BJs,$23.66 ,Groceries,Food,"$5,275.39 ",Expense,,,,
2013,February,2/19/2013,Sallie Mae,$81.97 ,Rachel Sallie Mae,Debts,"$5,193.42 ",Expense,,,,
2013,February,2/20/2013,MOMs,$22.10 ,Groceries,Food,"$5,171.32 ",Expense,,,,
2013,February,2/20/2013,Geico,$110.45 ,Car Insurance,Transportation,"$5,060.87 ",Expense,,,,
2013,February,2/21/2013,Sallie Mae,$15.60 ,Joey Sallie Mae,Debts,"$5,045.27 ",Expense,,,,
2013,February,2/21/2013,Sallie Mae,$28.84 ,Joey Sallie Mae,Debts,"$5,016.43 ",Expense,,,,
2013,February,2/21/2013,Sallie Mae,$30.94 ,Joey Sallie Mae,Debts,"$4,985.49 ",Expense,,,,
2013,February,2/21/2013,Sallie Mae,$55.91 ,Joey Sallie Mae,Debts,"$4,929.58 ",Expense,,,,
2013,February,2/21/2013,Sallie Mae,$66.79 ,Joey Sallie Mae,Debts,"$4,862.79 ",Expense,,,,
2013,February,2/21/2013,Sallie Mae,$68.86 ,Joey Sallie Mae,Debts,"$4,793.93 ",Expense,,,,
2013,February,2/25/2013,Walmart,$84.51 ,Car Maintenance,Transportation,"$4,709.42 ",Expense,,,,
2013,February,2/25/2013,Subway,$10.60 ,FUN,Personal,"$4,698.82 ",Expense,,,,
2013,February,2/25/2013,Tequilla Grill,$22.00 ,FUN,Personal,"$4,676.82 ",Expense,,,,
2013,February,2/25/2013,Wawa,$39.86 ,Gas,Transportation,"$4,636.96 ",Expense,,,,
2013,February,2/25/2013,World Vision,$60.00 ,Charity,Charity,"$4,576.96 ",Expense,,,,
2013,February,2/27/2013,Transfer to Car,$100.00 ,Car Maintenance,Transportation,"$4,476.96 ",Expense,,,,
2013,February,2/27/2013,La Plata Baptist Church,$182.56 ,Charity,Charity,"$4,294.40 ",Expense,,,,
2013,March,2/28/2013,DFAS,"$3,412.80 ",Joey Income,Gross Income,"$7,707.20 ",Income,,,,
2013,March,2/28/2013,FEGLI,$24.20 ,Life Insurance,Medical,"$7,683.00 ",Expense,,,,
2013,March,2/28/2013,FEHB,$102.19 ,Health Insurance,Medical,"$7,580.81 ",Expense,,,,
2013,March,2/28/2013,OASDI,$205.25 ,Social Security,Taxes,"$7,375.56 ",Expense,,,,
2013,March,2/28/2013,Federal Tax,$189.38 ,Federal Taxes,Taxes,"$7,186.18 ",Expense,,,,
2013,March,2/28/2013,Medicare,$48.00 ,Medicare,Taxes,"$7,138.18 ",Expense,,,,
2013,March,2/28/2013,State Tax,$115.56 ,State Taxes,Taxes,"$7,022.62 ",Expense,,,,
2013,March,2/28/2013,FERS,$27.30 ,FERS,Retirement,"$6,995.32 ",Expense,,,,
2013,February,2/28/2013,Safeway,$12.86 ,Misc.,Personal,"$6,982.46 ",Expense,,,,
2013,March,2/28/2013,Giant,$34.00 ,Travel,Personal,"$6,948.46 ",Expense,,,,
2013,February,2/28/2013,SMJJA,$50.00 ,Exercise,Recreation,"$6,898.46 ",Expense,,,,
2013,February,2/28/2013,Dividend,$0.17 ,Other Income,Gross Income,"$6,898.63 ",Income,,,,
2013,March,3/1/2013,MOMs,$49.75 ,Travel,Personal,"$6,848.88 ",Expense,,,,
2013,March,3/4/2013,Subway,$4.25 ,Travel,Personal,"$6,844.63 ",Expense,,,,
2013,March,3/4/2013,Cinnabon,$4.27 ,Travel,Personal,"$6,840.36 ",Expense,,,,
2013,March,3/4/2013,Netflix,$16.46 ,TV,Utilities,"$6,823.90 ",Expense,,,,
2013,March,3/4/2013,EZ Pass,$25.00 ,Travel,Personal,"$6,798.90 ",Expense,,,,
2013,March,3/4/2013,Johnny Rockets,$50.00 ,Travel,Personal,"$6,748.90 ",Expense,,,,
2013,March,3/4/2013,BJs,$29.99 ,Baby Supplies,Personal,"$6,718.91 ",Expense,,,,
2013,March,3/4/2013,BJs,$36.97 ,Toiletries,Personal,"$6,681.94 ",Expense,,,,
2013,March,3/4/2013,BJs,$5.23 ,Misc.,Personal,"$6,676.71 ",Expense,,,,
2013,March,3/4/2013,BJs,$89.08 ,Groceries,Food,"$6,587.63 ",Expense,,,,
2013,March,3/5/2013,EZ Pass,$25.00 ,Travel,Personal,"$6,562.63 ",Expense,,,,
2013,March,3/5/2013,Shell,$62.10 ,Gas,Transportation,"$6,500.53 ",Expense,,,,
2013,March,3/5/2013,MOMs,$98.07 ,Groceries,Food,"$6,402.46 ",Expense,,,,
2013,March,3/5/2013,Verizon Wireless,$156.19 ,Cell Phone,Utilities,"$6,246.27 ",Expense,,,,
2013,February,3/6/2013,Transfer to Savings,$450.00 ,Savings,Saving,"$5,796.27 ",Expense,,,,
2013,March,3/11/2013,Exxon,$42.18 ,Gas,Transportation,"$5,754.09 ",Expense,,,,
2013,March,3/8/2013,Comcast,$72.37 ,Internet,Utilities,"$5,681.72 ",Expense,,,,
2013,March,3/11/2013,MOMs,$49.59 ,Groceries,Food,"$5,632.13 ",Expense,,,,
2013,March,3/12/2013,Red Robin,$31.00 ,FUN,Personal,"$5,601.13 ",Expense,,,,
2013,March,3/12/2013,SMECO,$289.70 ,Electric,Utilities,"$5,311.43 ",Expense,,,,
2013,March,3/12/2013,La Plata Baptist Church,$500.00 ,Charity,Charity,"$4,811.43 ",Expense,,,,
2013,March,3/14/2013,USPS,$8.64 ,Misc.,Personal,"$4,802.79 ",Expense,,,,
2013,March,3/14/2013,DFAS,"$3,412.80 ",Joey Income,Gross Income,"$8,215.59 ",Income,,,,
2013,March,3/14/2013,FEGLI,$24.20 ,Life Insurance,Medical,"$8,191.39 ",Expense,,,,
2013,March,3/14/2013,FEHB,$102.19 ,Health Insurance,Medical,"$8,089.20 ",Expense,,,,
2013,March,3/14/2013,OASDI,$205.26 ,Social Security,Taxes,"$7,883.94 ",Expense,,,,
2013,March,3/14/2013,Federal Tax,$189.38 ,Federal Taxes,Taxes,"$7,694.56 ",Expense,,,,
2013,March,3/14/2013,Medicare,$48.00 ,Medicare,Taxes,"$7,646.56 ",Expense,,,,
2013,March,3/14/2013,State Tax,$115.56 ,State Taxes,Taxes,"$7,531.00 ",Expense,,,,
2013,March,3/14/2013,FERS,$27.30 ,FERS,Retirement,"$7,503.70 ",Expense,,,,
2013,March,3/15/2013,BJs,$40.16 ,Gas,Transportation,"$7,463.54 ",Expense,,,,
2013,March,3/18/2013,BJs,$15.47 ,Groceries,Food,"$7,448.07 ",Expense,,,,
2013,March,3/18/2013,Sweet Frog,$8.69 ,FUN,Personal,"$7,439.38 ",Expense,,,,
2013,March,3/18/2013,Sallie Mae,$81.97 ,Rachel Sallie Mae,Debts,"$7,357.41 ",Expense,,,,
2013,March,3/21/2013,Amazon,$10.73 ,Supplements,Personal,"$7,346.68 ",Expense,,,,
2013,March,3/21/2013,Amazon,$16.75 ,Misc.,Personal,"$7,329.93 ",Expense,,,,
2013,March,3/19/2013,Citi,$495.00 ,Credit Card,Debts,"$6,834.93 ",Expense,,,,
2013,March,3/20/2013,Walmart,$22.20 ,Children Clothes,Clothing,"$6,812.73 ",Expense,,,,
2013,March,3/20/2013,Geico,$110.42 ,Car Insurance,Transportation,"$6,702.31 ",Expense,,,,
2013,March,3/21/2013,Shell,$63.72 ,Gas,Transportation,"$6,638.59 ",Expense,,,,
2013,March,3/21/2013,Sallie Mae,$15.60 ,Joey Sallie Mae,Debts,"$6,622.99 ",Expense,,,,
2013,March,3/21/2013,Sallie Mae,$28.84 ,Joey Sallie Mae,Debts,"$6,594.15 ",Expense,,,,
2013,March,3/21/2013,Sallie Mae,$30.94 ,Joey Sallie Mae,Debts,"$6,563.21 ",Expense,,,,
2013,March,3/21/2013,Sallie Mae,$55.91 ,Joey Sallie Mae,Debts,"$6,507.30 ",Expense,,,,
2013,March,3/21/2013,Sallie Mae,$66.79 ,Joey Sallie Mae,Debts,"$6,440.51 ",Expense,,,,
2013,March,3/21/2013,Sallie Mae,$68.86 ,Joey Sallie Mae,Debts,"$6,371.65 ",Expense,,,,
2013,March,3/22/2013,BJ's,$38.05 ,Gas,Transportation,"$6,333.60 ",Expense,,,,
2013,March,3/25/2013,BJ's,$18.35 ,Groceries,Food,"$6,315.25 ",Expense,,,,
2013,March,3/25/2013,MOMs,$43.47 ,Groceries,Food,"$6,271.78 ",Expense,,,,
2013,March,3/25/2013,World Vision,$60.00 ,Charity,Charity,"$6,211.78 ",Expense,,,,
2013,March,3/25/2013,Lowes,$41.28 ,Maintenance,Housing,"$6,170.50 ",Expense,,,,
2013,March,3/25/2013,Transfer to Gifts,$200.00 ,Gifts,Personal,"$5,970.50 ",Expense,,,,
2013,March,3/25/2013,Alicia Check,$100.00 ,Travel,Personal,"$5,870.50 ",Expense,,,,
2013,March,3/27/2013,SMJJA,$50.00 ,Exercise,Recreation,"$5,820.50 ",Expense,,,,
2013,March,3/27/2013,BJs,$32.72 ,Gas,Transportation,"$5,787.78 ",Expense,,,,
2013,March,3/28/2013,DFAS,"$3,412.80 ",Joey Income,Gross Income,"$9,200.58 ",Income,,,,
2013,March,3/28/2013,FEGLI,$24.20 ,Life Insurance,Medical,"$9,176.38 ",Expense,,,,
2013,March,3/28/2013,FEHB,$102.19 ,Health Insurance,Medical,"$9,074.19 ",Expense,,,,
2013,March,3/28/2013,OASDI,$205.26 ,Social Security,Taxes,"$8,868.93 ",Expense,,,,
2013,March,3/28/2013,Federal Tax,$189.38 ,Federal Taxes,Taxes,"$8,679.55 ",Expense,,,,
2013,March,3/28/2013,Medicare,$48.01 ,Medicare,Taxes,"$8,631.54 ",Expense,,,,
2013,March,3/28/2013,State Tax,$115.56 ,State Taxes,Taxes,"$8,515.98 ",Expense,,,,
2013,March,3/28/2013,FERS,$27.30 ,FERS,Retirement,"$8,488.68 ",Expense,,,,
2013,March,3/28/2013,Transfer to Savings,"$1,522.55 ",Refinance,Housing,"$6,966.13 ",Expense,,,,
2013,March,3/29/2013,Dividend,$0.27 ,Other Income,Gross Income,"$6,966.40 ",Income,,,,
2013,April,4/1/2013,BJs,$2.10 ,FUN,Personal,"$6,964.30 ",Expense,,,,
2013,March,4/1/2013,La Tolteca,$10.22 ,FUN,Personal,"$6,954.08 ",Expense,,,,
2013,March,4/1/2013,Ritas,$10.37 ,Misc.,Personal,"$6,943.71 ",Expense,,,,
2013,March,4/1/2013,BJs,$15.98 ,Misc.,Personal,"$6,927.73 ",Expense,,,,
2013,April,4/1/2013,MOMs,$39.19 ,Groceries,Food,"$6,888.54 ",Expense,,,,
2013,April,4/1/2013,BJs,$55.29 ,Groceries,Food,"$6,833.25 ",Expense,,,,
2013,April,4/1/2013,Lowes,$94.26 ,Maintenance,Housing,"$6,738.99 ",Expense,,,,
2013,April,4/2/2013,Safeway,$5.39 ,Groceries,Food,"$6,733.60 ",Expense,,,,
2013,April,4/2/2013,Netflix,$16.46 ,TV,Utilities,"$6,717.14 ",Expense,,,,
2013,April,4/2/2013,BJs,$35.75 ,Gas,Transportation,"$6,681.39 ",Expense,,,,
2013,March,4/2/2013,Transfer to Savings,"$2,600.00 ",Savings,Saving,"$4,081.39 ",Expense,,,,
2013,April,4/3/2013,BJs,$20.97 ,Groceries,Food,"$4,060.42 ",Expense,,,,
2013,April,4/3/2013,Verizon Wireless,$156.19 ,Cell Phone,Utilities,"$3,904.23 ",Expense,,,,
2013,March,4/3/2013,La Plata Baptist Church,$523.84 ,Charity,Charity,"$3,380.39 ",Expense,,,,
2013,April,4/4/2013,Amazon,$13.89 ,Groceries,Food,"$3,366.50 ",Expense,,,,
2013,April,4/8/2013,Motherhood,$75.90 ,Clothes,Clothing,"$3,290.60 ",Expense,,,,
2013,April,4/8/2013,MOMs,$74.25 ,Groceries,Food,"$3,216.35 ",Expense,,,,
2013,April,4/8/2013,BJs,$25.52 ,Groceries,Food,"$3,190.83 ",Expense,,,,
2013,April,4/8/2013,BJs,$26.79 ,Baby Supplies,Personal,"$3,164.04 ",Expense,,,,
2013,April,4/8/2013,ATM Deposit,"$2,147.94 ",Other Income,Gross Income,"$5,311.98 ",Income,,,,
2013,April,4/8/2013,ATM Deposit,$4.95 ,Other Income,Gross Income,"$5,316.93 ",Income,,,,
2013,April,4/8/2013,Lowes,$155.34 ,Maintenance,Housing,"$5,161.59 ",Expense,,,,
2013,April,4/8/2013,Qdoba,$16.13 ,FUN,Personal,"$5,145.46 ",Expense,,,,
2013,April,4/8/2013,Lowes,($12.56),Maintenance,Housing,"$5,158.02 ",Expense,,,,
2013,April,4/8/2013,Lowes,$45.35 ,Maintenance,Housing,"$5,112.67 ",Expense,,,,
2013,April,4/8/2013,Comcast,$72.37 ,Internet,Utilities,"$5,040.30 ",Expense,,,,
2013,April,4/9/2013,Shell,$34.96 ,Gas,Transportation,"$5,005.34 ",Expense,,,,
2013,April,4/10/2013,La Plata Baptist Church,$500.00 ,Charity,Charity,"$4,505.34 ",Expense,,,,
2013,April,4/11/2013,DFAS,"$3,412.80 ",Joey Income,Gross Income,"$7,918.14 ",Income,,,,
2013,April,4/11/2013,FEGLI,$24.20 ,Life Insurance,Medical,"$7,893.94 ",Expense,,,,
2013,April,4/11/2013,FEHB,$102.19 ,Health Insurance,Medical,"$7,791.75 ",Expense,,,,
2013,April,4/11/2013,OASDI,$205.26 ,Social Security,Taxes,"$7,586.49 ",Expense,,,,
2013,April,4/11/2013,Federal Tax,$189.38 ,Federal Taxes,Taxes,"$7,397.11 ",Expense,,,,
2013,April,4/11/2013,Medicare,$48.00 ,Medicare,Taxes,"$7,349.11 ",Expense,,,,
2013,April,4/11/2013,State Tax,$115.56 ,State Taxes,Taxes,"$7,233.55 ",Expense,,,,
2013,April,4/11/2013,FERS,$27.30 ,FERS,Retirement,"$7,206.25 ",Expense,,,,
2013,April,4/12/2013,Shell,$59.36 ,Gas,Transportation,"$7,146.89 ",Expense,,,,
2013,April,4/12/2013,USPS,$8.70 ,Misc.,Personal,"$7,138.19 ",Expense,,,,
2013,April,4/12/2013,Wal Mart,$14.28 ,Children Clothes,Clothing,"$7,123.91 ",Expense,,,,
2013,April,4/12/2013,Kohls,$5.81 ,Gifts,Personal,"$7,118.10 ",Expense,,,,
2013,April,4/17/2013,Kohls,$79.53 ,Gifts,Personal,"$7,038.57 ",Expense,,,,
2013,April,4/15/2013,Chick-Fil-A,$10.48 ,Misc.,Personal,"$7,028.09 ",Expense,,,,
2013,April,4/12/2013,SMECO,$174.71 ,Electric,Utilities,"$6,853.38 ",Expense,,,,
2013,April,4/15/2013,BJs,$2.64 ,Misc.,Personal,"$6,850.74 ",Expense,,,,
2013,April,4/15/2013,BJs,$5.28 ,Misc.,Personal,"$6,845.46 ",Expense,,,,
2013,April,4/15/2013,Wal Mart,$12.69 ,Children Clothes,Clothing,"$6,832.77 ",Expense,,,,
2013,April,4/15/2013,MOMs,$33.50 ,Groceries,Food,"$6,799.27 ",Expense,,,,
2013,April,4/15/2013,Shell,$40.71 ,Gas,Transportation,"$6,758.56 ",Expense,,,,
2013,April,4/15/2013,BJs,$52.81 ,Groceries,Food,"$6,705.75 ",Expense,,,,
2013,April,4/16/2013,Subway,$12.18 ,Misc.,Personal,"$6,693.57 ",Expense,,,,
2013,April,4/16/2013,Norwex,$74.60 ,House Supplies,Personal,"$6,618.97 ",Expense,,,,
2013,April,4/16/2013,Sallie Mae,$81.97 ,Rachel Sallie Mae,Debts,"$6,537.00 ",Expense,,,,
2013,April,4/18/2013,QDOBA,$7.41 ,Misc.,Personal,"$6,529.59 ",Expense,,,,
2013,April,4/19/2013,Red Robin,$27.81 ,FUN,Personal,"$6,501.78 ",Expense,,,,
2013,April,4/22/2013,Lowes,($20.62),Maintenance,Housing,"$6,522.40 ",Expense,,,,
2013,April,4/22/2013,Tequilla Grill,$6.83 ,FUN,Personal,"$6,515.57 ",Expense,,,,
2013,April,4/22/2013,Ritas,$7.62 ,FUN,Personal,"$6,507.95 ",Expense,,,,
2013,April,4/22/2013,Carrabas,$10.00 ,FUN,Personal,"$6,497.95 ",Expense,,,,
2013,April,4/22/2013,Burger King,$13.59 ,FUN,Personal,"$6,484.36 ",Expense,,,,
2013,April,4/22/2013,MOMs,$16.97 ,FUN,Personal,"$6,467.39 ",Expense,,,,
2013,April,4/22/2013,Nicks of Clinton,$30.05 ,FUN,Personal,"$6,437.34 ",Expense,,,,
2013,April,4/22/2013,Safeway,$39.70 ,Gas,Transportation,"$6,397.64 ",Expense,,,,
2013,April,4/22/2013,Valvoline,$73.59 ,Car Maintenance,Transportation,"$6,324.05 ",Expense,,,,
2013,April,4/22/2013,Sallie Mae,$15.60 ,Joey Sallie Mae,Debts,"$6,308.45 ",Expense,,,,
2013,April,4/22/2013,Sallie Mae,$28.84 ,Joey Sallie Mae,Debts,"$6,279.61 ",Expense,,,,
2013,April,4/22/2013,Sallie Mae,$30.94 ,Joey Sallie Mae,Debts,"$6,248.67 ",Expense,,,,
2013,April,4/22/2013,Sallie Mae,$55.91 ,Joey Sallie Mae,Debts,"$6,192.76 ",Expense,,,,
2013,April,4/22/2013,Sallie Mae,$66.79 ,Joey Sallie Mae,Debts,"$6,125.97 ",Expense,,,,
2013,April,4/22/2013,Sallie Mae,$68.86 ,Joey Sallie Mae,Debts,"$6,057.11 ",Expense,,,,
2013,April,4/22/2013,Geico,$107.05 ,Car Insurance,Transportation,"$5,950.06 ",Expense,,,,
2013,April,4/24/2013,BJs,$11.58 ,Groceries,Food,"$5,938.48 ",Expense,,,,
2013,April,4/24/2013,BJs,$31.72 ,Gas,Transportation,"$5,906.76 ",Expense,,,,
2013,April,4/24/2013,World Vision,$60.00 ,Charity,Charity,"$5,846.76 ",Expense,,,,
2013,April,4/25/2013,DFAS,"$3,412.80 ",Joey Income,Gross Income,"$9,259.56 ",Income,,,,
2013,April,4/25/2013,FEGLI,$24.20 ,Life Insurance,Medical,"$9,235.36 ",Expense,,,,
2013,April,4/25/2013,FEHB,$102.19 ,Health Insurance,Medical,"$9,133.17 ",Expense,,,,
2013,April,4/25/2013,OASDI,$205.25 ,Social Security,Taxes,"$8,927.92 ",Expense,,,,
2013,April,4/25/2013,Federal Tax,$189.38 ,Federal Taxes,Taxes,"$8,738.54 ",Expense,,,,
2013,April,4/25/2013,Medicare,$48.01 ,Medicare,Taxes,"$8,690.53 ",Expense,,,,
2013,April,4/25/2013,State Tax,$115.56 ,State Taxes,Taxes,"$8,574.97 ",Expense,,,,
2013,April,4/25/2013,FERS,$27.30 ,FERS,Retirement,"$8,547.67 ",Expense,,,,
2013,April,4/26/2013,Wal Mart,$5.75 ,Misc.,Personal,"$8,541.92 ",Expense,,,,
2013,May,4/26/2013,Charles County Government,$52.18 ,Water,Utilities,"$8,489.74 ",Expense,,,,
2013,April,4/29/2013,Wal Mart,$10.16 ,Maintenance,Housing,"$8,479.58 ",Expense,,,,
2013,April,4/29/2013,Subway,$10.60 ,Misc.,Personal,"$8,468.98 ",Expense,,,,
2013,April,4/29/2013,Transfer to Car,$26.41 ,Car Maintenance,Transportation,"$8,442.57 ",Expense,,,,
2013,April,4/29/2013,Transfer to Gifts,$14.66 ,Gifts,Personal,"$8,427.91 ",Expense,,,,
2013,April,4/29/2013,Escrow Refund,"$1,288.01 ",Other Income,Gross Income,"$9,715.92 ",Income,,,,
2013,April,4/29/2013,Wal Mart,$48.93 ,Groceries,Food,"$9,666.99 ",Expense,,,,
2013,April,4/29/2013,Sheetz,$50.45 ,Gas,Transportation,"$9,616.54 ",Expense,,,,
2013,April,4/30/2013,Federal Tax Refund,"$3,137.91 ",Other Income,Gross Income,"$12,754.45 ",Income,,,,
2013,April,4/30/2013,SMJJA,$50.00 ,Exercise,Recreation,"$12,704.45 ",Expense,,,,
2013,May,4/30/2013,loanDepot,"$1,303.71 ",Mortgage,Housing,"$11,400.74 ",Expense,,,,
2013,May,4/30/2013,loanDepot,$81.34 ,Property Insurance,Housing,"$11,319.40 ",Expense,,,,
2013,May,4/30/2013,loanDepot,$295.63 ,Property Taxes,Housing,"$11,023.77 ",Expense,,,,
2013,April,4/30/2013,Dividend,$0.26 ,Other Income,Gross Income,"$11,024.03 ",Income,,,,
2013,April,5/1/2013,Sea Wings Cafe,$9.46 ,FUN,Personal,"$11,014.57 ",Expense,,,,
2013,April,5/1/2013,IHOP,$24.00 ,FUN,Personal,"$10,990.57 ",Expense,,,,
2013,April,5/1/2013,BJs,$59.93 ,Groceries,Food,"$10,930.64 ",Expense,,,,
2013,May,5/2/3013,Netflix,$16.46 ,TV,Utilities,"$10,914.18 ",Expense,,,,
2013,May,5/3/2013,Amazon,$18.99 ,Supplements,Personal,"$10,895.19 ",Expense,,,,
2013,April,5/2/3013,Transfer to Savings,"$8,700.00 ",Savings,Saving,"$2,195.19 ",Expense,,,,
2013,May,5/2/3013,Verizon Wireless,$156.07 ,Cell Phone,Utilities,"$2,039.12 ",Expense,,,,
2013,May,5/3/2013,BJs,$9.98 ,Groceries,Food,"$2,029.14 ",Expense,,,,
2013,May,5/3/2013,BJs,$30.00 ,Baby Supplies,Personal,"$1,999.14 ",Expense,,,,
2013,May,5/3/2013,BJs,$10.26 ,Misc.,Personal,"$1,988.88 ",Expense,,,,
2013,May,5/6/2013,McKays,$12.70 ,Misc.,Personal,"$1,976.18 ",Expense,,,,
2013,May,5/6/2013,Food Lion,$13.37 ,Misc.,Personal,"$1,962.81 ",Expense,,,,
2013,May,5/6/2013,Shell,$39.56 ,Gas,Transportation,"$1,923.25 ",Expense,,,,
2013,May,5/6/2013,MOMs,$57.82 ,Groceries,Food,"$1,865.43 ",Expense,,,,
2013,May,5/7/2013,Target,$6.35 ,House Supplies,Personal,"$1,859.08 ",Expense,,,,
2013,May,5/7/2013,eDeposit,$100.00 ,Other Income,Gross Income,"$1,959.08 ",Income,,,,
2013,May,5/7/2013,Waste Management,$126.00 ,Trash,Utilities,"$1,833.08 ",Expense,,,,
2013,May,5/8/2013,Comcast,$72.37 ,Internet,Utilities,"$1,760.71 ",Expense,,,,
2013,May,5/9/2013,eDeposit,$50.00 ,Other Income,Gross Income,"$1,810.71 ",Income,,,,
2013,May,5/9/2013,DFAS,"$3,412.80 ",Joey Income,Gross Income,"$5,223.51 ",Income,,,,
2013,May,5/9/2013,FEGLI,$24.20 ,Life Insurance,Medical,"$5,199.31 ",Expense,,,,
2013,May,5/9/2013,FEHB,$102.19 ,Health Insurance,Medical,"$5,097.12 ",Expense,,,,
2013,May,5/9/2013,OASDI,$205.25 ,Social Security,Taxes,"$4,891.87 ",Expense,,,,
2013,May,5/9/2013,Federal Tax,$189.38 ,Federal Taxes,Taxes,"$4,702.49 ",Expense,,,,
2013,May,5/9/2013,Medicare,$48.01 ,Medicare,Taxes,"$4,654.48 ",Expense,,,,
2013,May,5/9/2013,State Tax,$115.56 ,State Taxes,Taxes,"$4,538.92 ",Expense,,,,
2013,May,5/9/2013,FERS,$27.30 ,FERS,Retirement,"$4,511.62 ",Expense,,,,
2013,May,5/9/2013,BJs,$1.05 ,Misc.,Personal,"$4,510.57 ",Expense,,,,
2013,May,5/9/2013,BJs,$16.15 ,Baby Supplies,Personal,"$4,494.42 ",Expense,,,,
2013,May,5/9/2013,BJs,$4.18 ,Gifts,Personal,"$4,490.24 ",Expense,,,,
2013,May,5/9/2013,BJs,$12.79 ,Toiletries,Personal,"$4,477.45 ",Expense,,,,
2013,May,5/9/2013,BJs,$3.69 ,Groceries,Food,"$4,473.76 ",Expense,,,,
2013,May,5/9/2013,Walmart,$23.61 ,Car Maintenance,Transportation,"$4,450.15 ",Expense,,,,
2013,May,5/9/2013,Walmart,$22.11 ,Children Clothes,Clothing,"$4,428.04 ",Expense,,,,
2013,May,5/10/2013,MOMs,$17.79 ,Toiletries,Personal,"$4,410.25 ",Expense,,,,
2013,May,5/10/2013,MOMs,$13.28 ,Groceries,Food,"$4,396.97 ",Expense,,,,
2013,May,5/13/2013,eDeposit,$250.00 ,Other Income,Gross Income,"$4,646.97 ",Income,,,,
2013,May,5/13/2013,Sweet Frog,$4.56 ,FUN,Personal,"$4,642.41 ",Expense,,,,
2013,May,5/13/2013,Safeway,$12.96 ,Gifts,Personal,"$4,629.45 ",Expense,,,,
2013,May,5/13/2013,MOMs,$47.64 ,Groceries,Food,"$4,581.81 ",Expense,,,,
2013,May,5/13/2013,BJs,$24.27 ,Groceries,Food,"$4,557.54 ",Expense,,,,
2013,May,5/13/2013,BJs,$32.40 ,Clothes,Clothing,"$4,525.14 ",Expense,,,,
2013,May,5/14/2013,Walmart,$6.97 ,Baby Supplies,Personal,"$4,518.17 ",Expense,,,,
2013,May,5/14/2013,Walmart,$10.19 ,Misc.,Personal,"$4,507.98 ",Expense,,,,
2013,May,5/14/2013,BJs,$30.23 ,Groceries,Food,"$4,477.75 ",Expense,,,,
2013,May,5/15/2013,TJ Maxx,$4.23 ,Children Clothes,Clothing,"$4,473.52 ",Expense,,,,
2013,April,5/15/2013,La Plata Baptist Church,$182.56 ,Charity,Charity,"$4,290.96 ",Expense,,,,
2013,May,5/15/2013,La Plata Baptist Church,$500.00 ,Charity,Charity,"$3,790.96 ",Expense,,,,
2013,May,5/16/2013,Fluff-N-Stuff,$157.57 ,Children Clothes,Clothing,"$3,633.39 ",Expense,,,,
2013,May,5/16/2013,Sallie Mae,$81.84 ,Rachel Sallie Mae,Debts,"$3,551.55 ",Expense,,,,
2013,May,5/20/2013,Shell,$39.90 ,Gas,Transportation,"$3,511.65 ",Expense,,,,
2013,May,5/20/2013,MOMs,$64.05 ,Groceries,Food,"$3,447.60 ",Expense,,,,
2013,May,5/20/2013,Geico,$107.05 ,Car Insurance,Transportation,"$3,340.55 ",Expense,,,,
2013,May,5/21/2013,The Men's Wharehouse,$20.00 ,Misc.,Personal,"$3,320.55 ",Expense,,,,
2013,May,5/21/2013,Sallie Mae,$15.59 ,Joey Sallie Mae,Debts,"$3,304.96 ",Expense,,,,
2013,May,5/21/2013,Sallie Mae,$28.83 ,Joey Sallie Mae,Debts,"$3,276.13 ",Expense,,,,
2013,May,5/21/2013,Sallie Mae,$30.94 ,Joey Sallie Mae,Debts,"$3,245.19 ",Expense,,,,
2013,May,5/21/2013,Sallie Mae,$55.90 ,Joey Sallie Mae,Debts,"$3,189.29 ",Expense,,,,
2013,May,5/21/2013,Sallie Mae,$66.68 ,Joey Sallie Mae,Debts,"$3,122.61 ",Expense,,,,
2013,May,5/21/2013,Sallie Mae,$68.75 ,Joey Sallie Mae,Debts,"$3,053.86 ",Expense,,,,
2013,May,5/23/2013,DFAS,"$3,412.80 ",Joey Income,Gross Income,"$6,466.66 ",Income,,,,
2013,May,5/23/2013,FEGLI,$24.20 ,Life Insurance,Medical,"$6,442.46 ",Expense,,,,
2013,May,5/23/2013,FEHB,$102.19 ,Health Insurance,Medical,"$6,340.27 ",Expense,,,,
2013,May,5/23/2013,OASDI,$205.25 ,Social Security,Taxes,"$6,135.02 ",Expense,,,,
2013,May,5/23/2013,Federal Tax,$189.38 ,Federal Taxes,Taxes,"$5,945.64 ",Expense,,,,
2013,May,5/23/2013,Medicare,$48.01 ,Medicare,Taxes,"$5,897.63 ",Expense,,,,
2013,May,5/23/2013,State Tax,$115.56 ,State Taxes,Taxes,"$5,782.07 ",Expense,,,,
2013,May,5/23/2013,FERS,$27.30 ,FERS,Retirement,"$5,754.77 ",Expense,,,,
2013,May,5/24/2013,World Vision,$60.00 ,Charity,Charity,"$5,694.77 ",Expense,,,,
2013,May,5/28/2013,Shell,$37.16 ,Gas,Transportation,"$5,657.61 ",Expense,,,,
2013,May,5/28/2013,SMJJA,$50.00 ,Exercise,Recreation,"$5,607.61 ",Expense,,,,
2013,May,5/28/2013,Walmart,$7.94 ,Baby Supplies,Personal,"$5,599.67 ",Expense,,,,
2013,May,5/28/2013,Walmart,$44.27 ,Gifts,Personal,"$5,555.40 ",Expense,,,,
2013,May,5/28/2013,MOMs,$57.03 ,Groceries,Food,"$5,498.37 ",Expense,,,,
2013,May,5/28/2013,Citgo,$14.14 ,Gas,Transportation,"$5,484.23 ",Expense,,,,
2013,May,5/28/2013,Shell,$57.89 ,Gas,Transportation,"$5,426.34 ",Expense,,,,
2013,May,5/28/2013,Transfer from Savings,"$7,925.04 ",Reimbursables,Gross Income,"$13,351.38 ",Income,,,,
2013,May,5/29/2013,SMECO,$143.52 ,Electric,Utilities,"$13,207.86 ",Expense,,,,
2013,June,5/29/2013,SMECO,$89.92 ,Electric,Utilities,"$13,117.94 ",Expense,,,,
2013,May,5/29/2013,Sallie Mae,"$7,925.04 ",Rachel Sallie Mae,Debts,"$5,192.90 ",Expense,,,,
2013,May,5/29/2013,La Plata Baptist Church,$182.56 ,Charity,Charity,"$5,010.34 ",Expense,,,,
2013,May,5/30/2013,Pancho Villa,$40.00 ,FUN,Personal,"$4,970.34 ",Expense,,,,
2013,May,5/31/2013,EZ Pass,$25.00 ,Travel,Personal,"$4,945.34 ",Expense,,,,
2013,May,5/31/2013,Dividend,$0.19 ,Other Income,Gross Income,"$4,945.53 ",Income,,,,
2013,June,6/3/2013,Ritas,$12.42 ,FUN,Personal,"$4,933.11 ",Expense,,,,
2013,June,6/3/2013,Amazon,$15.65 ,Supplements,Personal,"$4,917.46 ",Expense,,,,
2013,June,6/3/2013,Netflix,$16.46 ,TV,Utilities,"$4,901.00 ",Expense,,,,
2013,June,6/3/2013,Amazon,$16.89 ,Supplements,Personal,"$4,884.11 ",Expense,,,,
2013,June,6/3/2013,Red Robin,$33.00 ,FUN,Personal,"$4,851.11 ",Expense,,,,
2013,June,6/3/2013,Verizon Wireless,$156.07 ,Cell Phone,Utilities,"$4,695.04 ",Expense,,,,
2013,June,6/3/2013,MOMs,$26.98 ,Supplements,Personal,"$4,668.06 ",Expense,,,,
2013,June,6/3/2013,MOMs,$35.98 ,Misc.,Personal,"$4,632.08 ",Expense,,,,
2013,June,6/3/2013,MOMs,$73.13 ,Groceries,Food,"$4,558.95 ",Expense,,,,
2013,June,6/3/2013,BJs,$29.99 ,Baby Supplies,Personal,"$4,528.96 ",Expense,,,,
2013,June,6/3/2013,BJs,$19.99 ,Toiletries,Personal,"$4,508.97 ",Expense,,,,
2013,June,6/3/2013,BJs,$32.37 ,Groceries,Food,"$4,476.60 ",Expense,,,,
2013,June,6/4/2013,Shell,$40.50 ,Gas,Transportation,"$4,436.10 ",Expense,,,,
2013,June,6/5/2013,loanDepot,"$1,303.71 ",Mortgage,Housing,"$3,132.39 ",Expense,,,,
2013,June,6/5/2013,loanDepot,$81.35 ,Property Insurance,Housing,"$3,051.04 ",Expense,,,,
2013,June,6/5/2013,loanDepot,$295.63 ,Property Taxes,Housing,"$2,755.41 ",Expense,,,,
2013,June,6/6/2013,Food Lion,$7.28 ,Misc.,Personal,"$2,748.13 ",Expense,,,,
2013,May,6/7/2013,Transfer to Gifts,$38.59 ,Gifts,Personal,"$2,709.54 ",Expense,,,,
2013,May,6/7/2013,Transfer to Car,$76.39 ,Car Maintenance,Transportation,"$2,633.15 ",Expense,,,,
2013,May,6/7/2013,Transfer to Savings,$800.00 ,Savings,Saving,"$1,833.15 ",Expense,,,,
2013,June,6/6/2013,DFAS,"$3,412.80 ",Joey Income,Gross Income,"$5,245.95 ",Income,,,,
2013,June,6/6/2013,FEGLI,$24.20 ,Life Insurance,Medical,"$5,221.75 ",Expense,,,,
2013,June,6/6/2013,FEHB,$102.19 ,Health Insurance,Medical,"$5,119.56 ",Expense,,,,
2013,June,6/6/2013,OASDI,$205.26 ,Social Security,Taxes,"$4,914.30 ",Expense,,,,
2013,June,6/6/2013,Federal Tax,$189.38 ,Federal Taxes,Taxes,"$4,724.92 ",Expense,,,,
2013,June,6/6/2013,Medicare,$48.01 ,Medicare,Taxes,"$4,676.91 ",Expense,,,,
2013,June,6/6/2013,State Tax,$115.56 ,State Taxes,Taxes,"$4,561.35 ",Expense,,,,
2013,June,6/6/2013,FERS,$27.30 ,FERS,Retirement,"$4,534.05 ",Expense,,,,
2013,June,6/10/2013,Shell,$50.78 ,Gas,Transportation,"$4,483.27 ",Expense,,,,
2013,June,6/10/2013,MOMs,$100.03 ,Groceries,Food,"$4,383.24 ",Expense,,,,
2013,June,6/10/2013,Comcast,$72.37 ,Internet,Utilities,"$4,310.87 ",Expense,,,,
2013,June,6/11/2013,BJs,$5.99 ,Groceries,Food,"$4,304.88 ",Expense,,,,
2013,June,6/11/2013,Cultures for Health,$21.98 ,Misc.,Personal,"$4,282.90 ",Expense,,,,
2013,June,6/11/2013,BJs,$37.48 ,Gas,Transportation,"$4,245.42 ",Expense,,,,
2013,June,6/12/2013,La Plata Baptist Church,$500.00 ,Charity,Charity,"$3,745.42 ",Expense,,,,
2013,June,6/13/2013,Giant,$6.35 ,FUN,Personal,"$3,739.07 ",Expense,,,,
2013,June,6/13/2013,Target,$8.30 ,Children Clothes,Clothing,"$3,730.77 ",Expense,,,,
2013,June,6/17/2013,Walmart,$3.50 ,FUN,Personal,"$3,727.27 ",Expense,,,,
2013,June,6/17/2013,BJs,$15.87 ,Groceries,Food,"$3,711.40 ",Expense,,,,
2013,June,6/17/2013,MOMs,$88.38 ,Groceries,Food,"$3,623.02 ",Expense,,,,
2013,June,6/18/2013,BJs,$34.48 ,Gas,Transportation,"$3,588.54 ",Expense,,,,
2013,June,6/18/2013,Shell,$58.11 ,Gas,Transportation,"$3,530.43 ",Expense,,,,
2013,May,6/19/2013,The Green Nurserey,$164.85 ,Children Clothes,Clothing,"$3,365.58 ",Expense,,,,
2013,June,6/20/2013,DFAS,"$3,412.80 ",Joey Income,Gross Income,"$6,778.38 ",Income,,,,
2013,June,6/20/2013,FEGLI,$24.20 ,Life Insurance,Medical,"$6,754.18 ",Expense,,,,
2013,June,6/20/2013,FEHB,$102.19 ,Health Insurance,Medical,"$6,651.99 ",Expense,,,,
2013,June,6/20/2013,OASDI,$205.25 ,Social Security,Taxes,"$6,446.74 ",Expense,,,,
2013,June,6/20/2013,Federal Tax,$189.38 ,Federal Taxes,Taxes,"$6,257.36 ",Expense,,,,
2013,June,6/20/2013,Medicare,$48.01 ,Medicare,Taxes,"$6,209.35 ",Expense,,,,
2013,June,6/20/2013,State Tax,$115.56 ,State Taxes,Taxes,"$6,093.79 ",Expense,,,,
2013,June,6/20/2013,FERS,$27.30 ,FERS,Retirement,"$6,066.49 ",Expense,,,,
2013,June,6/20/2013,Giant,$5.82 ,FUN,Personal,"$6,060.67 ",Expense,,,,
2013,June,6/20/2013,Geico,$107.05 ,Car Insurance,Transportation,"$5,953.62 ",Expense,,,,
2013,June,6/21/2013,Sallie Mae,$15.59 ,Joey Sallie Mae,Debts,"$5,938.03 ",Expense,,,,
2013,June,6/21/2013,Sallie Mae,$28.83 ,Joey Sallie Mae,Debts,"$5,909.20 ",Expense,,,,
2013,June,6/21/2013,Sallie Mae,$30.94 ,Joey Sallie Mae,Debts,"$5,878.26 ",Expense,,,,
2013,June,6/21/2013,Sallie Mae,$55.90 ,Joey Sallie Mae,Debts,"$5,822.36 ",Expense,,,,
2013,June,6/21/2013,Sallie Mae,$66.68 ,Joey Sallie Mae,Debts,"$5,755.68 ",Expense,,,,
2013,June,6/21/2013,Sallie Mae,$68.75 ,Joey Sallie Mae,Debts,"$5,686.93 ",Expense,,,,
2013,June,6/24/2013,World Vision,$60.00 ,Charity,Charity,"$5,626.93 ",Expense,,,,
2013,June,6/24/2013,MOMs,$77.91 ,Groceries,Food,"$5,549.02 ",Expense,,,,
2013,June,6/26/2013,Walmart,$6.70 ,Children Clothes,Clothing,"$5,542.32 ",Expense,,,,
2013,June,6/26/2013,Lowes,$12.99 ,Misc.,Personal,"$5,529.33 ",Expense,,,,
2013,June,6/26/2013,BJs,$19.99 ,Toiletries,Personal,"$5,509.34 ",Expense,,,,
2013,June,6/26/2013,BJs,$11.18 ,Groceries,Food,"$5,498.16 ",Expense,,,,
2013,June,6/26/2013,Shell,$41.06 ,Gas,Transportation,"$5,457.10 ",Expense,,,,
2013,June,6/26/2013,Blue Ribbon,$53.70 ,Car Maintenance,Transportation,"$5,403.40 ",Expense,,,,
2013,June,6/26/2013,La Plata Baptist Church,$182.56 ,Charity,Charity,"$5,220.84 ",Expense,,,,
2013,June,6/27/2013,Giant,$12.70 ,FUN,Personal,"$5,208.14 ",Expense,,,,
2013,June,6/27/2013,SMJJA,$50.00 ,Exercise,Recreation,"$5,158.14 ",Expense,,,,
2013,July,6/28/2013,eDeposit,$50.00 ,Other Income,Gross Income,"$5,208.14 ",Income,,,,
2013,July,6/28/2013,ATM Withdrawl,$300.00 ,Vacation,Recreation,"$4,908.14 ",Expense,,,,
2013,June,6/28/2013,Dividend,$0.19 ,Other Income,Gross Income,"$4,908.33 ",Income,,,,
2013,July,7/1/2013,EZ Pass,$25.00 ,Vacation,Recreation,"$4,883.33 ",Expense,,,,
2013,July,7/1/2013,Giant,$30.26 ,Vacation,Recreation,"$4,853.07 ",Expense,,,,
2013,July,7/1/2013,Shell,$56.31 ,Vacation,Recreation,"$4,796.76 ",Expense,,,,
2013,July,7/2/2013,Netflix,$16.46 ,TV,Utilities,"$4,780.30 ",Expense,,,,
2013,May,7/3/2013,Vera Bradley,$42.49 ,Children Clothes,Clothing,"$4,737.81 ",Expense,,,,
2013,July,7/2/2013,Hannaford,$9.37 ,Vacation,Recreation,"$4,728.44 ",Expense,,,,
2013,July,7/2/2013,Shaws,$7.49 ,Baby Supplies,Personal,"$4,720.95 ",Expense,,,,
2013,June,7/2/2013,Transfer to Car,$46.30 ,Car Maintenance,Transportation,"$4,674.65 ",Expense,,,,
2013,June,7/2/2013,Transfer to Gifts,$50.00 ,Gifts,Personal,"$4,624.65 ",Expense,,,,
2013,June,7/2/2013,Transfer to Savings,"$1,000.00 ",Savings,Saving,"$3,624.65 ",Expense,,,,
2013,July,7/3/2013,DFAS,"$3,412.80 ",Joey Income,Gross Income,"$7,037.45 ",Income,,,,
2013,July,7/3/2013,FEGLI,$24.20 ,Life Insurance,Medical,"$7,013.25 ",Expense,,,,
2013,July,7/3/2013,FEHB,$102.19 ,Health Insurance,Medical,"$6,911.06 ",Expense,,,,
2013,July,7/3/2013,OASDI,$205.25 ,Social Security,Taxes,"$6,705.81 ",Expense,,,,
2013,July,7/3/2013,Federal Tax,$189.38 ,Federal Taxes,Taxes,"$6,516.43 ",Expense,,,,
2013,July,7/3/2013,Medicare,$48.01 ,Medicare,Taxes,"$6,468.42 ",Expense,,,,
2013,July,7/3/2013,State Tax,$115.56 ,State Taxes,Taxes,"$6,352.86 ",Expense,,,,
2013,July,7/3/2013,FERS,$27.30 ,FERS,Retirement,"$6,325.56 ",Expense,,,,
2013,July,7/3/2013,Hannaford,$28.27 ,Vacation,Recreation,"$6,297.29 ",Expense,,,,
2013,June,7/3/2013,Sallie Mae,$86.31 ,Joey Sallie Mae,Debts,"$6,210.98 ",Expense,,,,
2013,July,7/3/2013,Verizon Wireless,$156.53 ,Cell Phone,Utilities,"$6,054.45 ",Expense,,,,
2013,July,7/3/2013,loanDepot,"$1,303.71 ",Mortgage,Housing,"$4,750.74 ",Expense,,,,
2013,July,7/3/2013,loanDepot,$81.35 ,Property Insurance,Housing,"$4,669.39 ",Expense,,,,
2013,July,7/3/2013,loanDepot,$295.63 ,Property Taxes,Housing,"$4,373.76 ",Expense,,,,
2013,July,7/5/2013,ATM Fee,$1.00 ,Vacation,Recreation,"$4,372.76 ",Expense,,,,
2013,July,7/5/2013,ATM Withdrawl,$43.50 ,Vacation,Recreation,"$4,329.26 ",Expense,,,,
2013,July,7/5/2013,Hannaford,$6.58 ,Vacation,Recreation,"$4,322.68 ",Expense,,,,
2013,July,7/5/2013,Steve's Greek Cuisine,$7.50 ,Vacation,Recreation,"$4,315.18 ",Expense,,,,
2013,July,7/5/2013,La Pastaria,$14.97 ,Vacation,Recreation,"$4,300.21 ",Expense,,,,
2013,July,7/5/2013,Ocean State Job Lot,$15.75 ,Vacation,Recreation,"$4,284.46 ",Expense,,,,
2013,July,7/5/2013,Ocean State Job Lot,$22.96 ,Vacation,Recreation,"$4,261.50 ",Expense,,,,
2013,July,7/8/2013,ATM Withdrawl,$22.00 ,Vacation,Recreation,"$4,239.50 ",Expense,,,,
2013,July,7/8/2013,ATM Fee,$1.00 ,Vacation,Recreation,"$4,238.50 ",Expense,,,,
2013,July,7/8/2013,Kimball Farm,$11.50 ,Vacation,Recreation,"$4,227.00 ",Expense,,,,
2013,July,7/8/2013,Hannaford,$8.86 ,Vacation,Recreation,"$4,218.14 ",Expense,,,,
2013,July,7/8/2013,BJs,$8.88 ,Groceries,Food,"$4,209.26 ",Expense,,,,
2013,July,7/8/2013,Lowes,$18.22 ,Maintenance,Housing,"$4,191.04 ",Expense,,,,
2013,July,7/8/2013,Popeyes,$22.87 ,Vacation,Recreation,"$4,168.17 ",Expense,,,,
2013,July,7/8/2013,Shell,$53.57 ,Gas,Transportation,"$4,114.60 ",Expense,,,,
2013,July,7/8/2013,Hess,$53.89 ,Vacation,Recreation,"$4,060.71 ",Expense,,,,
2013,July,7/8/2013,Comcast,$72.37 ,Internet,Utilities,"$3,988.34 ",Expense,,,,
2013,July,7/9/2013,TJ Maxx,$4.23 ,Misc.,Personal,"$3,984.11 ",Expense,,,,
2013,July,7/9/2013,EZ Pass,$25.00 ,Vacation,Recreation,"$3,959.11 ",Expense,,,,
2013,July,7/9/2013,Safeway,$40.08 ,Gas,Transportation,"$3,919.03 ",Expense,,,,
2013,July,7/9/2013,MOMs,$140.50 ,Groceries,Food,"$3,778.53 ",Expense,,,,
2013,July,7/10/2013,Lowes,($18.22),Maintenance,Housing,"$3,796.75 ",Expense,,,,
2013,July,7/10/2013,Lowes,$4.86 ,Misc.,Personal,"$3,791.89 ",Expense,,,,
2013,July,7/10/2013,301 Truckstop,$5.86 ,Gas,Transportation,"$3,786.03 ",Expense,,,,
2013,July,7/10/2013,Mimis Cafe,$25.56 ,Restaurants,Food,"$3,760.47 ",Expense,,,,
2013,July,7/11/2013,SMECO,$102.50 ,Electric,Utilities,"$3,657.97 ",Expense,,,,
2013,July,7/15/2013,Shell,$33.78 ,Gas,Transportation,"$3,624.19 ",Expense,,,,
2013,July,7/15/2013,Shell,$2.00 ,Misc.,Personal,"$3,622.19 ",Expense,,,,
2013,July,7/15/2013,Nicks of Clinton,$9.40 ,Joey Income,Gross Income,"$3,612.79 ",Expense,,,,
2013,July,7/15/2013,Blue Ribbon,$404.56 ,Car Maintenance,Transportation,"$3,208.23 ",Expense,,,,
2013,July,7/15/2013,MOMs,$94.42 ,Groceries,Food,"$3,113.81 ",Expense,,,,
2013,July,7/15/2013,Kodori,$46.62 ,Gifts,Personal,"$3,067.19 ",Expense,,,,
2013,July,7/15/2013,Ouzos,$44.52 ,FUN,Personal,"$3,022.67 ",Expense,,,,
2013,June,7/15/2013,Brad's Graduation,$50.00 ,Gifts,Personal,"$2,972.67 ",Expense,,,,
2013,July,7/17/2013,BJs,$10.58 ,Groceries,Food,"$2,962.09 ",Expense,,,,
2013,July,7/18/2013,DFAS,"$3,071.52 ",Joey Income,Gross Income,"$6,033.61 ",Income,,,,
2013,July,7/18/2013,FEGLI,$24.20 ,Life Insurance,Medical,"$6,009.41 ",Expense,,,,
2013,July,7/18/2013,FEHB,$102.19 ,Health Insurance,Medical,"$5,907.22 ",Expense,,,,
2013,July,7/18/2013,OASDI,$184.10 ,Social Security,Taxes,"$5,723.12 ",Expense,,,,
2013,July,7/18/2013,Federal Tax,$138.19 ,Federal Taxes,Taxes,"$5,584.93 ",Expense,,,,
2013,July,7/18/2013,Medicare,$43.05 ,Medicare,Taxes,"$5,541.88 ",Expense,,,,
2013,July,7/18/2013,State Tax,$89.45 ,State Taxes,Taxes,"$5,452.43 ",Expense,,,,
2013,July,7/18/2013,FERS,$24.57 ,FERS,Retirement,"$5,427.86 ",Expense,,,,
2013,July,7/22/2013,Shell,$41.81 ,Gas,Transportation,"$5,386.05 ",Expense,,,,
2013,July,7/19/2013,ATM Withdrawl,$20.00 ,Groceries,Food,"$5,366.05 ",Expense,,,,
2013,July,7/22/2013,Transfer from Car,$304.56 ,Reimbursables,Gross Income,"$5,670.61 ",Income,,,,
2013,July,7/22/2013,Shoppers,$12.52 ,Groceries,Food,"$5,658.09 ",Expense,,,,
2013,July,7/22/2013,TJ Maxx,$23.29 ,Children Clothes,Clothing,"$5,634.80 ",Expense,,,,
2013,July,7/22/2013,Target,$40.96 ,Gifts,Personal,"$5,593.84 ",Expense,,,,
2013,July,7/22/2013,MOMs,$86.64 ,Groceries,Food,"$5,507.20 ",Expense,,,,
2013,July,7/22/2013,Sallie Mae,$15.59 ,Joey Sallie Mae,Debts,"$5,491.61 ",Expense,,,,
2013,July,7/22/2013,Sallie Mae,$28.83 ,Joey Sallie Mae,Debts,"$5,462.78 ",Expense,,,,
2013,July,7/22/2013,Sallie Mae,$30.94 ,Joey Sallie Mae,Debts,"$5,431.84 ",Expense,,,,
2013,July,7/22/2013,Sallie Mae,$55.90 ,Joey Sallie Mae,Debts,"$5,375.94 ",Expense,,,,
2013,July,7/22/2013,Sallie Mae,$66.68 ,Joey Sallie Mae,Debts,"$5,309.26 ",Expense,,,,
2013,July,7/22/2013,Sallie Mae,$68.75 ,Joey Sallie Mae,Debts,"$5,240.51 ",Expense,,,,
2013,July,7/22/2013,Geico,$107.05 ,Car Insurance,Transportation,"$5,133.46 ",Expense,,,,
2013,July,7/23/2013,La Plata Baptist Church,$656.61 ,Charity,Charity,"$4,476.85 ",Expense,,,,
2013,July,7/24/2013,World Vision,$60.00 ,Charity,Charity,"$4,416.85 ",Expense,,,,
2013,July,7/26/2013,Safeway,$64.30 ,Gas,Transportation,"$4,352.55 ",Expense,,,,
2013,July,7/29/2013,Shell,$34.20 ,Gas,Transportation,"$4,318.35 ",Expense,,,,
2013,July,7/29/2013,Shell,$2.00 ,Misc.,Personal,"$4,316.35 ",Expense,,,,
2013,July,7/29/2013,MOMs,$80.90 ,Groceries,Food,"$4,235.45 ",Expense,,,,
2013,July,7/29/2013,BJs,$9.98 ,Groceries,Food,"$4,225.47 ",Expense,,,,
2013,July,7/29/2013,BJs,$47.70 ,Gifts,Personal,"$4,177.77 ",Expense,,,,
2013,July,7/29/2013,Target,$16.95 ,FUN,Personal,"$4,160.82 ",Expense,,,,
2013,July,7/29/2013,SMJJA,$50.00 ,Exercise,Recreation,"$4,110.82 ",Expense,,,,
2013,July,7/29/2013,Transfer from Gifts,$35.28 ,Reimbursables,Gross Income,"$4,146.10 ",Income,,,,
2013,July,7/30/2013,Commisioners of St. Mary's County,"$6,087.50 ",Work,Work,"$4,146.10 ",Other,,,,
2013,August,8/1/2013,DFAS,"$2,730.24 ",Joey Income,Gross Income,"$6,876.34 ",Income,,,,
2013,August,8/1/2013,FEGLI,$24.20 ,Life Insurance,Medical,"$6,852.14 ",Expense,,,,
2013,August,8/1/2013,FEHB,$102.19 ,Health Insurance,Medical,"$6,749.95 ",Expense,,,,
2013,August,8/1/2013,OASDI,$162.94 ,Social Security,Taxes,"$6,587.01 ",Expense,,,,
2013,August,8/1/2013,Federal Tax,$87.00 ,Federal Taxes,Taxes,"$6,500.01 ",Expense,,,,
2013,August,8/1/2013,Medicare,$38.11 ,Medicare,Taxes,"$6,461.90 ",Expense,,,,
2013,August,8/1/2013,State Tax,$63.34 ,State Taxes,Taxes,"$6,398.56 ",Expense,,,,
2013,August,8/1/2013,FERS,$21.84 ,FERS,Retirement,"$6,376.72 ",Expense,,,,
2013,July,7/30/2013,Nicks of Clinton,$31.60 ,FUN,Personal,"$6,345.12 ",Expense,,,,
2013,July,7/30/2013,Joey Sallie Mae,$86.31 ,Joey Sallie Mae,Debts,"$6,258.81 ",Expense,,,,
2013,July,7/13/2013,Dividend,$0.18 ,Other Income,Gross Income,"$6,258.99 ",Income,,,,
2013,August,8/1/2013,Bollywood Masala,$11.00 ,FUN,Personal,"$6,247.99 ",Expense,,,,
2013,August,8/1/2013,Verizon Wireless,$150.95 ,Cell Phone,Utilities,"$6,097.04 ",Expense,,,,
2013,August,8/1/2013,loanDepot,"$1,303.71 ",Mortgage,Housing,"$4,793.33 ",Expense,,,,
2013,August,8/1/2013,loanDepot,$81.35 ,Property Insurance,Housing,"$4,711.98 ",Expense,,,,
2013,August,8/1/2013,loanDepot,$295.63 ,Property Taxes,Housing,"$4,416.35 ",Expense,,,,
2013,August,8/2/2013,MOMs,$9.99 ,Drugs,Medical,"$4,406.36 ",Expense,,,,
2013,August,8/2/2013,Netflix,$16.46 ,TV,Utilities,"$4,389.90 ",Expense,,,,
2013,August,8/5/2013,Shell,$41.23 ,Gas,Transportation,"$4,348.67 ",Expense,,,,
2013,August,8/5/2013,Shell,$1.90 ,Misc.,Personal,"$4,346.77 ",Expense,,,,
2013,August,8/2/2013,ATM Withdrawl,$20.00 ,Groceries,Food,"$4,326.77 ",Expense,,,,
2013,August,8/2/2013,Charles County Government,$63.50 ,Water,Utilities,"$4,263.27 ",Expense,,,,
2013,August,8/5/2013,Ouzos,$30.00 ,FUN,Personal,"$4,233.27 ",Expense,,,,
2013,August,8/5/2013,BJs,$4.99 ,Toiletries,Personal,"$4,228.28 ",Expense,,,,
2013,August,8/5/2013,BJs,$9.99 ,Toiletries,Personal,"$4,218.29 ",Expense,,,,
2013,August,8/5/2013,BJs,$8.99 ,Groceries,Food,"$4,209.30 ",Expense,,,,
2013,August,8/5/2013,BJs,$10.99 ,Toiletries,Personal,"$4,198.31 ",Expense,,,,
2013,August,8/5/2013,BJs,$1.56 ,Toiletries,Personal,"$4,196.75 ",Expense,,,,
2013,August,8/5/2013,MOMs,$4.79 ,Groceries,Food,"$4,191.96 ",Expense,,,,
2013,August,8/5/2013,MOMs,$2.99 ,Groceries,Food,"$4,188.97 ",Expense,,,,
2013,August,8/5/2013,MOMs,$7.99 ,Groceries,Food,"$4,180.98 ",Expense,,,,
2013,August,8/5/2013,MOMs,$7.38 ,Groceries,Food,"$4,173.60 ",Expense,,,,
2013,August,8/5/2013,MOMs,$4.29 ,Groceries,Food,"$4,169.31 ",Expense,,,,
2013,August,8/5/2013,MOMs,$2.49 ,Groceries,Food,"$4,166.82 ",Expense,,,,
2013,August,8/5/2013,MOMs,$2.38 ,Groceries,Food,"$4,164.44 ",Expense,,,,
2013,August,8/5/2013,MOMs,$1.99 ,Groceries,Food,"$4,162.45 ",Expense,,,,
2013,August,8/5/2013,MOMs,$3.39 ,Groceries,Food,"$4,159.06 ",Expense,,,,
2013,August,8/5/2013,MOMs,$3.39 ,Groceries,Food,"$4,155.67 ",Expense,,,,
2013,August,8/5/2013,MOMs,$1.99 ,Groceries,Food,"$4,153.68 ",Expense,,,,
2013,August,8/5/2013,MOMs,$2.63 ,Groceries,Food,"$4,151.05 ",Expense,,,,
2013,August,8/5/2013,MOMs,$1.99 ,Groceries,Food,"$4,149.06 ",Expense,,,,
2013,August,8/5/2013,MOMs,$2.83 ,Groceries,Food,"$4,146.23 ",Expense,,,,
2013,August,8/5/2013,MOMs,$3.98 ,Groceries,Food,"$4,142.25 ",Expense,,,,
2013,August,8/5/2013,MOMs,$2.49 ,Groceries,Food,"$4,139.76 ",Expense,,,,
2013,August,8/5/2013,MOMs,$3.30 ,Groceries,Food,"$4,136.46 ",Expense,,,,
2013,August,8/5/2013,MOMs,$2.05 ,Groceries,Food,"$4,134.41 ",Expense,,,,
2013,August,8/5/2013,MOMs,$3.36 ,Groceries,Food,"$4,131.05 ",Expense,,,,
2013,August,8/5/2013,MOMs,$1.70 ,Groceries,Food,"$4,129.35 ",Expense,,,,
2013,August,8/5/2013,MOMs,$11.76 ,Groceries,Food,"$4,117.59 ",Expense,,,,
2013,August,8/5/2013,MOMs,$4.83 ,Groceries,Food,"$4,112.76 ",Expense,,,,
2013,August,8/5/2013,MOMs,$5.55 ,Groceries,Food,"$4,107.21 ",Expense,,,,
2013,August,8/5/2013,MOMs,$3.11 ,Groceries,Food,"$4,104.10 ",Expense,,,,
2013,August,8/5/2013,MOMs,($0.50),Groceries,Food,"$4,104.60 ",Expense,,,,
2013,August,8/6/2013,Waste Management,$128.95 ,Trash,Utilities,"$3,975.65 ",Expense,,,,
2013,August,8/7/2013,La Plata Baptist Church,$500.00 ,Charity,Charity,"$3,475.65 ",Expense,,,,
2013,August,8/8/2013,BJs,$5.79 ,Cleaning /Laundry,Clothing,"$3,469.86 ",Expense,,,,
2013,August,8/8/2013,BJs,$5.99 ,Groceries,Food,"$3,463.87 ",Expense,,,,
2013,August,8/8/2013,BJs,$4.80 ,Gifts,Personal,"$3,459.07 ",Expense,,,,
2013,August,8/8/2013,BJs,$2.14 ,Gifts,Personal,"$3,456.93 ",Expense,,,,
2013,August,8/8/2013,BJs,$7.59 ,Groceries,Food,"$3,449.34 ",Expense,,,,
2013,August,8/8/2013,BJs,$0.42 ,Gifts,Personal,"$3,448.92 ",Expense,,,,
2013,August,8/8/2013,Bed Bath & Beyond,$8.99 ,Misc.,Personal,"$3,439.93 ",Expense,,,,
2013,August,8/8/2013,Bed Bath & Beyond,$55.62 ,Gifts,Personal,"$3,384.31 ",Expense,,,,
2013,August,8/8/2013,Comcast,$72.37 ,Internet,Utilities,"$3,311.94 ",Expense,,,,
2013,August,8/9/2013,Car Emissions Test,$14.00 ,Car Maintenance,Transportation,"$3,297.94 ",Expense,,,,
2013,August,8/9/2013,MOMs,$15.99 ,Supplements,Personal,"$3,281.95 ",Expense,,,,
2013,August,8/9/2013,MOMs,$4.99 ,Groceries,Food,"$3,276.96 ",Expense,,,,
2013,August,8/9/2013,MOMs,$45.99 ,Groceries,Food,"$3,230.97 ",Expense,,,,
2013,August,8/9/2013,MOMs,$12.49 ,Groceries,Food,"$3,218.48 ",Expense,,,,
2013,August,8/9/2013,MOMs,$5.49 ,Groceries,Food,"$3,212.99 ",Expense,,,,
2013,August,8/9/2013,Sweet Frog,$8.35 ,FUN,Personal,"$3,204.64 ",Expense,,,,
2013,August,8/12/2013,Shell,$40.82 ,Gas,Transportation,"$3,163.82 ",Expense,,,,
2013,August,8/12/2013,Target,$30.00 ,Gifts,Personal,"$3,133.82 ",Expense,,,,
2013,August,8/12/2013,Shell,$67.46 ,Gas,Transportation,"$3,066.36 ",Expense,,,,
2013,August,8/12/2013,MOMs,$3.89 ,Groceries,Food,"$3,062.47 ",Expense,,,,
2013,August,8/12/2013,MOMs,$4.29 ,Groceries,Food,"$3,058.18 ",Expense,,,,
2013,August,8/12/2013,MOMs,$2.39 ,Groceries,Food,"$3,055.79 ",Expense,,,,
2013,August,8/12/2013,MOMs,$6.78 ,Groceries,Food,"$3,049.01 ",Expense,,,,
2013,August,8/12/2013,MOMs,$3.99 ,Groceries,Food,"$3,045.02 ",Expense,,,,
2013,August,8/12/2013,MOMs,$7.69 ,Cosmetics,Personal,"$3,037.33 ",Expense,,,,
2013,August,8/12/2013,MOMs,$1.99 ,Groceries,Food,"$3,035.34 ",Expense,,,,
2013,August,8/12/2013,MOMs,$8.28 ,Groceries,Food,"$3,027.06 ",Expense,,,,
2013,August,8/12/2013,MOMs,$1.35 ,Groceries,Food,"$3,025.71 ",Expense,,,,
2013,August,8/12/2013,MOMs,$1.69 ,Groceries,Food,"$3,024.02 ",Expense,,,,
2013,August,8/12/2013,MOMs,$1.93 ,Groceries,Food,"$3,022.09 ",Expense,,,,
2013,August,8/12/2013,MOMs,$2.99 ,Groceries,Food,"$3,019.10 ",Expense,,,,
2013,August,8/12/2013,MOMs,$1.57 ,Groceries,Food,"$3,017.53 ",Expense,,,,
2013,August,8/12/2013,MOMs,$1.02 ,Groceries,Food,"$3,016.51 ",Expense,,,,
2013,August,8/12/2013,MOMs,$2.61 ,Groceries,Food,"$3,013.90 ",Expense,,,,
2013,August,8/12/2013,MOMs,$7.65 ,Groceries,Food,"$3,006.25 ",Expense,,,,
2013,August,8/12/2013,MOMs,$3.36 ,Groceries,Food,"$3,002.89 ",Expense,,,,
2013,August,8/12/2013,MOMs,$5.56 ,Groceries,Food,"$2,997.33 ",Expense,,,,
2013,August,8/12/2013,MOMs,$7.42 ,Groceries,Food,"$2,989.91 ",Expense,,,,
2013,August,8/12/2013,MOMs,($0.40),Groceries,Food,"$2,990.31 ",Expense,,,,
2013,August,8/12/2013,MOMs,$0.46 ,Cosmetics,Personal,"$2,989.85 ",Expense,,,,
2013,August,8/13/2013,SMECO,$124.52 ,Electric,Utilities,"$2,865.33 ",Expense,,,,
2013,August,8/14/2013,Target,$21.99 ,Children Clothes,Clothing,"$2,843.34 ",Expense,,,,
2013,August,8/15/2013,DFAS,"$2,730.24 ",Joey Income,Gross Income,"$5,573.58 ",Income,,,,
2013,August,8/15/2013,FEGLI,$24.20 ,Life Insurance,Medical,"$5,549.38 ",Expense,,,,
2013,August,8/15/2013,FEHB,$102.19 ,Health Insurance,Medical,"$5,447.19 ",Expense,,,,
2013,August,8/15/2013,OASDI,$162.94 ,Social Security,Taxes,"$5,284.25 ",Expense,,,,
2013,August,8/15/2013,Federal Tax,$87.00 ,Federal Taxes,Taxes,"$5,197.25 ",Expense,,,,
2013,August,8/15/2013,Medicare,$38.10 ,Medicare,Taxes,"$5,159.15 ",Expense,,,,
2013,August,8/15/2013,State Tax,$63.34 ,State Taxes,Taxes,"$5,095.81 ",Expense,,,,
2013,August,8/15/2013,FERS,$21.84 ,FERS,Retirement,"$5,073.97 ",Expense,,,,
2013,August,8/16/2013,ATM Withdrawl,$40.00 ,Groceries,Food,"$5,033.97 ",Expense,,,,
2013,August,8/19/2013,Shell,$40.27 ,Gas,Transportation,"$4,993.70 ",Expense,,,,
2013,August,8/19/2013,Sea Wings Cafe,$8.04 ,Misc.,Personal,"$4,985.66 ",Expense,,,,
2013,August,8/19/2013,TJ Maxx,$19.99 ,Clothes,Clothing,"$4,965.67 ",Expense,,,,
2013,August,8/19/2013,TJ Maxx,$34.99 ,Clothes,Clothing,"$4,930.68 ",Expense,,,,
2013,August,8/19/2013,TJ Maxx,$15.00 ,Clothes,Clothing,"$4,915.68 ",Expense,,,,
2013,August,8/19/2013,TJ Maxx,$15.00 ,Clothes,Clothing,"$4,900.68 ",Expense,,,,
2013,August,8/19/2013,MOMs,$4.19 ,Groceries,Food,"$4,896.49 ",Expense,,,,
2013,August,8/19/2013,MOMs,$4.69 ,Groceries,Food,"$4,891.80 ",Expense,,,,
2013,August,8/19/2013,MOMs,$8.99 ,Groceries,Food,"$4,882.81 ",Expense,,,,
2013,August,8/19/2013,MOMs,$4.29 ,Groceries,Food,"$4,878.52 ",Expense,,,,
2013,August,8/19/2013,MOMs,$2.29 ,Groceries,Food,"$4,876.23 ",Expense,,,,
2013,August,8/19/2013,MOMs,$15.99 ,Supplements,Personal,"$4,860.24 ",Expense,,,,
2013,August,8/19/2013,MOMs,$2.99 ,Groceries,Food,"$4,857.25 ",Expense,,,,
2013,August,8/19/2013,MOMs,$3.89 ,Groceries,Food,"$4,853.36 ",Expense,,,,
2013,August,8/19/2013,MOMs,$9.99 ,Groceries,Food,"$4,843.37 ",Expense,,,,
2013,August,8/19/2013,MOMs,$3.69 ,Groceries,Food,"$4,839.68 ",Expense,,,,
2013,August,8/19/2013,MOMs,$3.69 ,Groceries,Food,"$4,835.99 ",Expense,,,,
2013,August,8/19/2013,MOMs,$3.99 ,Groceries,Food,"$4,832.00 ",Expense,,,,
2013,August,8/19/2013,MOMs,$9.69 ,Toiletries,Personal,"$4,822.31 ",Expense,,,,
2013,August,8/19/2013,MOMs,$9.99 ,Toiletries,Personal,"$4,812.32 ",Expense,,,,
2013,August,8/19/2013,MOMs,$7.79 ,Toiletries,Personal,"$4,804.53 ",Expense,,,,
2013,August,8/19/2013,MOMs,$4.78 ,Toiletries,Personal,"$4,799.75 ",Expense,,,,
2013,August,8/19/2013,MOMs,$6.99 ,Misc.,Personal,"$4,792.76 ",Expense,,,,
2013,August,8/19/2013,MOMs,$6.99 ,Misc.,Personal,"$4,785.77 ",Expense,,,,
2013,August,8/19/2013,MOMs,$3.58 ,Groceries,Food,"$4,782.19 ",Expense,,,,
2013,August,8/19/2013,MOMs,$2.99 ,Groceries,Food,"$4,779.20 ",Expense,,,,
2013,August,8/19/2013,MOMs,$3.11 ,Groceries,Food,"$4,776.09 ",Expense,,,,
2013,August,8/19/2013,MOMs,$2.99 ,Groceries,Food,"$4,773.10 ",Expense,,,,
2013,August,8/19/2013,MOMs,$3.43 ,Groceries,Food,"$4,769.67 ",Expense,,,,
2013,August,8/19/2013,MOMs,$3.77 ,Groceries,Food,"$4,765.90 ",Expense,,,,
2013,August,8/19/2013,MOMs,$3.66 ,Groceries,Food,"$4,762.24 ",Expense,,,,
2013,August,8/19/2013,MOMs,$1.99 ,Groceries,Food,"$4,760.25 ",Expense,,,,
2013,August,8/19/2013,MOMs,$3.01 ,Groceries,Food,"$4,757.24 ",Expense,,,,
2013,August,8/19/2013,MOMs,$2.69 ,Groceries,Food,"$4,754.55 ",Expense,,,,
2013,August,8/19/2013,MOMs,$4.46 ,Groceries,Food,"$4,750.09 ",Expense,,,,
2013,August,8/19/2013,MOMs,$3.01 ,Groceries,Food,"$4,747.08 ",Expense,,,,
2013,August,8/19/2013,MOMs,$2.47 ,Groceries,Food,"$4,744.61 ",Expense,,,,
2013,August,8/19/2013,MOMs,$1.80 ,Groceries,Food,"$4,742.81 ",Expense,,,,
2013,August,8/19/2013,MOMs,$3.92 ,Groceries,Food,"$4,738.89 ",Expense,,,,
2013,August,8/19/2013,MOMs,$5.60 ,Groceries,Food,"$4,733.29 ",Expense,,,,
2013,August,8/19/2013,MOMs,$3.47 ,Groceries,Food,"$4,729.82 ",Expense,,,,
2013,August,8/19/2013,MOMs,$4.97 ,Groceries,Food,"$4,724.85 ",Expense,,,,
2013,August,8/19/2013,MOMs,$4.83 ,Groceries,Food,"$4,720.02 ",Expense,,,,
2013,August,8/19/2013,MOMs,$7.21 ,Groceries,Food,"$4,712.81 ",Expense,,,,
2013,August,8/19/2013,MOMs,$2.04 ,Groceries,Food,"$4,710.77 ",Expense,,,,
2013,August,8/19/2013,MOMs,$11.77 ,Groceries,Food,"$4,699.00 ",Expense,,,,
2013,August,8/19/2013,MOMs,$7.69 ,Groceries,Food,"$4,691.31 ",Expense,,,,
2013,August,8/19/2013,MOMs,$2.77 ,Toiletries,Personal,"$4,688.54 ",Expense,,,,
2013,August,8/19/2013,MOMs,($50.00),Toiletries,Personal,"$4,738.54 ",Expense,,,,
2013,August,8/19/2013,Michaels,$6.58 ,Misc.,Personal,"$4,731.96 ",Expense,,,,
2013,August,8/19/2013,Michaels,$0.40 ,Misc.,Personal,"$4,731.56 ",Expense,,,,
2013,August,8/19/2013,MOMs,$9.99 ,Drugs,Medical,"$4,721.57 ",Expense,,,,
2013,August,8/19/2013,Ouzos,$2.75 ,Restaurants,Food,"$4,718.82 ",Expense,,,,
2013,August,8/19/2013,Ouzos,$9.00 ,Restaurants,Food,"$4,709.82 ",Expense,,,,
2013,August,8/19/2013,Ouzos,$2.99 ,Restaurants,Food,"$4,706.83 ",Expense,,,,
2013,August,8/19/2013,Ouzos,$8.00 ,Restaurants,Food,"$4,698.83 ",Expense,,,,
2013,August,8/19/2013,Ouzos,$7.25 ,Restaurants,Food,"$4,691.58 ",Expense,,,,
2013,August,8/19/2013,Ouzos,$1.80 ,Restaurants,Food,"$4,689.78 ",Expense,,,,
2013,August,8/19/2013,Ouzos,$6.00 ,Restaurants,Food,"$4,683.78 ",Expense,,,,
2013,August,8/19/2013,Sweet Frog,$3.90 ,Restaurants,Food,"$4,679.88 ",Expense,,,,
2013,August,8/19/2013,Sweet Frog,$0.23 ,Restaurants,Food,"$4,679.65 ",Expense,,,,
2013,August,8/19/2013,Sweet Frog,$5.11 ,Restaurants,Food,"$4,674.54 ",Expense,,,,
2013,August,8/19/2013,Sweet Frog,$0.31 ,Restaurants,Food,"$4,674.23 ",Expense,,,,
2013,August,8/20/2013,Geico,$107.05 ,Car Insurance,Transportation,"$4,567.18 ",Expense,,,,
2013,August,8/21/2013,BJs,$11.40 ,Groceries,Food,"$4,555.78 ",Expense,,,,
2013,August,8/21/2013,BJs,$4.99 ,Groceries,Food,"$4,550.79 ",Expense,,,,
2013,August,8/21/2013,USJA,$50.00 ,Exercise,Recreation,"$4,500.79 ",Expense,,,,
2013,July,8/21/2013,Citi Card,$145.50 ,Clothes,Clothing,"$4,355.29 ",Expense,,,,
2013,August,8/23/2013,BJs,($10.59),Groceries,Food,"$4,365.88 ",Expense,,,,
2013,August,8/23/2013,BJs,$37.80 ,Gas,Transportation,"$4,328.08 ",Expense,,,,
2013,August,8/23/2013,BJs,$6.99 ,Groceries,Food,"$4,321.09 ",Expense,,,,
2013,August,8/23/2013,BJs,$9.99 ,Groceries,Food,"$4,311.10 ",Expense,,,,
2013,August,8/23/2013,BJs,$8.99 ,Groceries,Food,"$4,302.11 ",Expense,,,,
2013,August,8/23/2013,BJs,$9.99 ,Groceries,Food,"$4,292.12 ",Expense,,,,
2013,August,8/23/2013,BJs,$11.99 ,Groceries,Food,"$4,280.13 ",Expense,,,,
2013,August,8/23/2013,BJs,$6.12 ,Groceries,Food,"$4,274.01 ",Expense,,,,
2013,August,8/23/2013,BJs,$0.60 ,Groceries,Food,"$4,273.41 ",Expense,,,,
2013,August,8/23/2013,Sallie Mae,$15.49 ,Joey Sallie Mae,Debts,"$4,257.92 ",Expense,,,,
2013,August,8/23/2013,Sallie Mae,$28.66 ,Joey Sallie Mae,Debts,"$4,229.26 ",Expense,,,,
2013,August,8/23/2013,Sallie Mae,$30.74 ,Joey Sallie Mae,Debts,"$4,198.52 ",Expense,,,,
2013,August,8/23/2013,Sallie Mae,$55.55 ,Joey Sallie Mae,Debts,"$4,142.97 ",Expense,,,,
2013,August,8/23/2013,Sallie Mae,$64.61 ,Joey Sallie Mae,Debts,"$4,078.36 ",Expense,,,,
2013,August,8/23/2013,Sallie Mae,$65.77 ,Joey Sallie Mae,Debts,"$4,012.59 ",Expense,,,,
2013,August,8/26/2013,World Vision,$60.00 ,Charity,Charity,"$3,952.59 ",Expense,,,,
2013,August,8/26/2013,BJs,$6.99 ,Groceries,Food,"$3,945.60 ",Expense,,,,
2013,August,8/26/2013,BJs,$3.79 ,Groceries,Food,"$3,941.81 ",Expense,,,,
2013,August,8/26/2013,BJs,$2.99 ,Groceries,Food,"$3,938.82 ",Expense,,,,
2013,August,8/26/2013,BJs,$2.99 ,Groceries,Food,"$3,935.83 ",Expense,,,,
2013,August,8/26/2013,BJs,$5.99 ,Groceries,Food,"$3,929.84 ",Expense,,,,
2013,August,8/26/2013,Walgreens,$5.00 ,Misc.,Personal,"$3,924.84 ",Expense,,,,
2013,August,8/27/2013,SMJJA,$50.00 ,Exercise,Recreation,"$3,874.84 ",Expense,,,,
2013,August,8/29/2013,DFAS,"$3,071.52 ",Joey Income,Gross Income,"$6,946.36 ",Income,,,,
2013,August,8/29/2013,FEGLI,$24.20 ,Life Insurance,Medical,"$6,922.16 ",Expense,,,,
2013,August,8/29/2013,FEHB,$102.19 ,Health Insurance,Medical,"$6,819.97 ",Expense,,,,
2013,August,8/29/2013,OASDI,$184.10 ,Social Security,Taxes,"$6,635.87 ",Expense,,,,
2013,August,8/29/2013,Federal Tax,$138.19 ,Federal Taxes,Taxes,"$6,497.68 ",Expense,,,,
2013,August,8/29/2013,Medicare,$43.06 ,Medicare,Taxes,"$6,454.62 ",Expense,,,,
2013,August,8/29/2013,State Tax,$89.45 ,State Taxes,Taxes,"$6,365.17 ",Expense,,,,
2013,August,8/29/2013,FERS,$24.57 ,FERS,Retirement,"$6,340.60 ",Expense,,,,
2013,August,8/30/2013,Chipotle,$6.75 ,Misc.,Personal,"$6,333.85 ",Expense,,,,
2013,August,8/30/2013,Sunoco,$42.52 ,Gas,Transportation,"$6,291.33 ",Expense,,,,
2013,August,8/30/2013,Dividend,$0.18 ,Other Income,Gross Income,"$6,291.51 ",Income,,,,
2013,August,8/30/2013,Dividend,$0.09 ,Other Income,Gross Income,"$6,291.51 ",Other,,,,
2013,September,9/3/2013,MOMs,$3.09 ,Groceries,Food,"$6,288.42 ",Expense,,,,
2013,September,9/3/2013,MOMs,$8.97 ,FUN,Personal,"$6,279.45 ",Expense,,,,
2013,September,9/3/2013,BJs,$9.99 ,House Supplies,Personal,"$6,269.46 ",Expense,,,,
2013,September,9/3/2013,BJs,$18.31 ,Groceries,Food,"$6,251.15 ",Expense,,,,
2013,September,9/3/2013,MOMs,$19.39 ,Supplements,Personal,"$6,231.76 ",Expense,,,,
2013,September,9/3/2013,MOMs,$3.29 ,FUN,Personal,"$6,228.47 ",Expense,,,,
2013,September,9/3/2013,MOMs,$108.88 ,Groceries,Food,"$6,119.59 ",Expense,,,,
2013,September,9/3/2013,Shell,$63.14 ,Gas,Transportation,"$6,056.45 ",Expense,,,,
2013,September,9/3/2013,Safeway,$1.99 ,Groceries,Food,"$6,054.46 ",Expense,,,,
2013,September,9/3/2013,Safeway,$7.98 ,FUN,Personal,"$6,046.48 ",Expense,,,,
2013,September,9/3/2013,Netflix,$16.46 ,TV,Utilities,"$6,030.02 ",Expense,,,,
2013,September,9/3/2013,Shell,$34.69 ,Gas,Transportation,"$5,995.33 ",Expense,,,,
2013,August,9/3/2013,Transfer to Car,$86.00 ,Car Maintenance,Transportation,"$5,909.33 ",Expense,,,,
2013,August,9/3/2013,Transfer to Gifts,$7.02 ,Gifts,Personal,"$5,902.31 ",Expense,,,,
2013,August,9/3/2013,Transfer to Savings,"$2,000.00 ",Savings,Saving,"$3,902.31 ",Expense,,,,
2013,September,9/3/2013,EZ Pass,$25.00 ,Travel,Personal,"$3,877.31 ",Expense,,,,
2013,September,9/4/2013,Verizon Wireless,$151.55 ,Cell Phone,Utilities,"$3,725.76 ",Expense,,,,
2013,September,9/4/2013,loanDepot,"$1,303.71 ",Mortgage,Housing,"$2,422.05 ",Expense,,,,
2013,September,9/4/2013,loanDepot,$295.63 ,Property Taxes,Housing,"$2,126.42 ",Expense,,,,
2013,September,9/4/2013,loanDepot,$81.35 ,Property Insurance,Housing,"$2,045.07 ",Expense,,,,
2013,August,9/4/2013,La Plata Baptist Church,$353.20 ,Charity,Charity,"$1,691.87 ",Expense,,,,
2013,September,9/5/2013,Amazon,$14.27 ,House Supplies,Personal,"$1,677.60 ",Expense,,,,
2013,September,9/5/2013,Amazon,$16.70 ,Supplements,Personal,"$1,660.90 ",Expense,,,,
2013,September,9/6/2013,Joan Marquez,$10.00 ,Misc.,Personal,"$1,650.90 ",Expense,,,,
2013,September,9/9/2013,BJs,$6.23 ,FUN,Personal,"$1,644.67 ",Expense,,,,
2013,September,9/9/2013,MOMs,$21.93 ,Charity,Charity,"$1,622.74 ",Expense,,,,
2013,September,9/9/2013,MOMs,$7.31 ,Groceries,Food,"$1,615.43 ",Expense,,,,
2013,September,9/9/2013,BJs,$30.25 ,Groceries,Food,"$1,585.18 ",Expense,,,,
2013,September,9/9/2013,Dr. Dhillion,$43.38 ,Doctor,Medical,"$1,541.80 ",Expense,,,,
2013,September,9/9/2013,BJs,$51.83 ,Charity,Charity,"$1,489.98 ",Expense,,,,
2013,September,9/9/2013,BJs,$17.28 ,Groceries,Food,"$1,472.70 ",Expense,,,,
2013,September,9/9/2013,Valvoline,$71.59 ,Car Maintenance,Transportation,"$1,401.11 ",Expense,,,,
2013,September,9/9/2013,MOMs,$76.63 ,Groceries,Food,"$1,324.48 ",Expense,,,,
2013,September,9/10/2013,Comcast,$72.37 ,Internet,Utilities,"$1,252.11 ",Expense,,,,
2013,September,9/11/2013,Shell,$39.06 ,Gas,Transportation,"$1,213.05 ",Expense,,,,
2013,September,9/10/2013,Transfer from Savings,"$1,250.00 ",Reimbursables,Gross Income,"$2,463.05 ",Income,,,,
2013,September,9/10/2013,James J Gorney P.C.,"$1,250.00 ",Legal,Personal,"$1,213.05 ",Expense,,,,
2013,September,9/11/2013,Target,$20.13 ,Children Clothes,Clothing,"$1,192.92 ",Expense,,,,
2013,September,9/11/2013,SMECO,$135.65 ,Electric,Utilities,"$1,057.27 ",Expense,,,,
2013,September,9/12/2013,Giant,$10.28 ,Misc.,Personal,"$1,046.99 ",Expense,,,,
2013,September,9/12/2013,Giant Refund,$1.00 ,Groceries,Food,"$1,046.99 ",Other,,,,
2013,September,9/12/2013,DFAS,"$3,412.80 ",Joey Income,Gross Income,"$4,459.79 ",Income,,,,
2013,September,9/12/2013,FEGLI,$24.20 ,Life Insurance,Medical,"$4,435.59 ",Expense,,,,
2013,September,9/12/2013,FEHB,$102.19 ,Health Insurance,Medical,"$4,333.40 ",Expense,,,,
2013,September,9/12/2013,OASDI,$205.26 ,Social Security,Taxes,"$4,128.14 ",Expense,,,,
2013,September,9/12/2013,Federal Tax,$189.38 ,Federal Taxes,Taxes,"$3,938.76 ",Expense,,,,
2013,September,9/12/2013,Medicare,$48.00 ,Medicare,Taxes,"$3,890.76 ",Expense,,,,
2013,September,9/12/2013,State Tax,$115.56 ,State Taxes,Taxes,"$3,775.20 ",Expense,,,,
2013,September,9/12/2013,FERS,$27.30 ,FERS,Retirement,"$3,747.90 ",Expense,,,,
2013,September,9/16/2013,BJs,$4.44 ,Gifts,Personal,"$3,743.46 ",Expense,,,,
2013,September,9/16/2013,BJs,$37.17 ,Groceries,Food,"$3,706.29 ",Expense,,,,
2013,September,9/16/2013,BJs,$13.84 ,Misc.,Personal,"$3,692.45 ",Expense,,,,
2013,September,9/16/2013,TJ Maxx,$53.76 ,Clothes,Clothing,"$3,638.69 ",Expense,,,,
2013,September,9/16/2013,TJ Maxx,$12.99 ,Gifts,Personal,"$3,625.70 ",Expense,,,,
2013,September,9/13/2013,Amish Farm,$7.00 ,Groceries,Food,"$3,625.70 ",Other,,,,
2013,September,9/16/2013,MOMs,$16.49 ,Supplements,Personal,"$3,609.21 ",Expense,,,,
2013,September,9/16/2013,MOMs,$22.89 ,FUN,Personal,"$3,586.32 ",Expense,,,,
2013,September,9/16/2013,MOMs,$65.68 ,Groceries,Food,"$3,520.64 ",Expense,,,,
2013,September,9/17/2013,BJs,$12.98 ,Groceries,Food,"$3,507.66 ",Expense,,,,
2013,September,9/17/2013,BJs,$35.37 ,Gas,Transportation,"$3,472.29 ",Expense,,,,
2013,September,9/19/2013,Shufu Judo,$45.00 ,Exercise,Recreation,"$3,427.29 ",Expense,,,,
2013,September,9/20/2013,Shell,$57.85 ,Gas,Transportation,"$3,369.44 ",Expense,,,,
2013,September,9/20/2013,Geico,$107.05 ,Car Insurance,Transportation,"$3,262.39 ",Expense,,,,
2013,September,9/23/2013,Safeway,$11.31 ,Groceries,Food,"$3,251.08 ",Expense,,,,
2013,September,9/23/2013,Potbelly,$7.53 ,Entertainment,Recreation,"$3,243.55 ",Expense,,,,
2013,September,9/23/2013,Harringtons Irish Pub,$50.00 ,Entertainment,Recreation,"$3,193.55 ",Expense,,,,
2013,September,9/23/2013,Panera,$11.95 ,Fun,Personal,"$3,181.60 ",Expense,,,,
2013,September,9/24/2013,MOMs,$25.50 ,Groceries,Food,"$3,156.10 ",Expense,,,,
2013,September,9/24/2013,Amish Farm,$7.00 ,Groceries,Food,"$3,156.10 ",Other,,,,
2013,September,9/24/2013,Kristin Foster,$6.00 ,Hair Care,Personal,"$3,156.10 ",Other,,,,
2013,September,9/24/2013,BJs,$29.95 ,Groceries,Food,"$3,126.15 ",Expense,,,,
2013,September,9/24/2013,Wawa,$40.39 ,Gas,Transportation,"$3,085.76 ",Expense,,,,
2013,September,9/24/2013,World Vision,$60.00 ,Charity,Charity,"$3,025.76 ",Expense,,,,
2013,September,9/23/2013,Sallie Mae,$15.49 ,Joey Sallie Mae,Debts,"$3,010.27 ",Expense,,,,
2013,September,9/23/2013,Sallie Mae,$28.66 ,Joey Sallie Mae,Debts,"$2,981.61 ",Expense,,,,
2013,September,9/23/2013,Sallie Mae,$30.74 ,Joey Sallie Mae,Debts,"$2,950.87 ",Expense,,,,
2013,September,9/23/2013,Sallie Mae,$55.55 ,Joey Sallie Mae,Debts,"$2,895.32 ",Expense,,,,
2013,September,9/23/2013,Sallie Mae,$64.61 ,Joey Sallie Mae,Debts,"$2,830.71 ",Expense,,,,
2013,September,9/23/2013,Sallie Mae,$65.77 ,Joey Sallie Mae,Debts,"$2,764.94 ",Expense,,,,
2013,September,9/24/2013,La Plata Baptist Church,$608.81 ,Charity,Charity,"$2,156.13 ",Expense,,,,
2013,September,9/26/2013,Deposit,$346.00 ,Reimbursables,Gross Income,"$2,502.13 ",Income,,,,
2013,September,9/26/2013,DFAS,"$3,412.80 ",Joey Income,Gross Income,"$5,914.93 ",Income,,,,
2013,September,9/26/2013,FEGLI,$24.20 ,Life Insurance,Medical,"$5,890.73 ",Expense,,,,
2013,September,9/26/2013,FEHB,$102.19 ,Health Insurance,Medical,"$5,788.54 ",Expense,,,,
2013,September,9/26/2013,OASDI,$205.26 ,Social Security,Taxes,"$5,583.28 ",Expense,,,,
2013,September,9/26/2013,Federal Tax,$189.38 ,Federal Taxes,Taxes,"$5,393.90 ",Expense,,,,
2013,September,9/26/2013,Medicare,$48.00 ,Medicare,Taxes,"$5,345.90 ",Expense,,,,
2013,September,9/26/2013,State Tax,$115.56 ,State Taxes,Taxes,"$5,230.34 ",Expense,,,,
2013,September,9/26/2013,FERS,$27.30 ,FERS,Retirement,"$5,203.04 ",Expense,,,,
2013,September,9/26/2013,Shear Heaven,$27.00 ,Hair Care,Personal,"$5,176.04 ",Expense,,,,
2013,October,9/27/2013,ATM Withdrawl,$40.00 ,Groceries,Food,"$5,136.04 ",Expense,,,,
2013,September,9/27/2013,SMJJA,$50.00 ,Exercise,Recreation,"$5,086.04 ",Expense,,,,
2013,September,9/30/2013,Mens Wharehouse,$188.80 ,Clothes,Clothing,"$4,897.24 ",Expense,,,,
2013,October,9/30/2013,Shell,$35.84 ,Gas,Transportation,"$4,861.40 ",Expense,,,,
2013,October,9/30/2013,BJs,$49.81 ,Groceries,Food,"$4,811.59 ",Expense,,,,
2013,October,9/30/2013,MOMs,$9.99 ,Drugs,Medical,"$4,801.60 ",Expense,,,,
2013,October,9/30/2013,MOMs,$72.64 ,Groceries,Food,"$4,728.96 ",Expense,,,,
2013,September,9/30/2013,Dividend,$0.14 ,Other Income,Gross Income,"$4,729.10 ",Income,,,,
2013,October,10/2/2013,Netflix,$16.46 ,TV,Utilities,"$4,712.64 ",Expense,,,,
2013,October,10/2/2013,Verizon Wireless,$151.55 ,Cell Phone,Utilities,"$4,561.09 ",Expense,,,,
2013,October,10/4/2013,Babies R Us,$42.89 ,Gifts,Personal,"$4,518.20 ",Expense,,,,
2013,September,10/4/2013,Bed Bath & Beyond,$50.86 ,Gifts,Personal,"$4,467.34 ",Expense,,,,
2013,October,10/4/2013,loanDepot,"$1,303.71 ",Mortgage,Housing,"$3,163.63 ",Expense,,,,
2013,October,10/4/2013,loanDepot,$295.63 ,Property Taxes,Housing,"$2,868.00 ",Expense,,,,
2013,October,10/4/2013,loanDepot,$81.35 ,Property Insurance,Housing,"$2,786.65 ",Expense,,,,
2013,October,10/7/2013,Safeway,$3.96 ,Groceries,Food,"$2,782.69 ",Expense,,,,
2013,October,10/7/2013,Shell,$38.44 ,Gas,Transportation,"$2,744.25 ",Expense,,,,
2013,October,10/7/2013,MOMs,$41.86 ,Groceries,Food,"$2,702.39 ",Expense,,,,
2013,October,10/7/2013,BJs,$14.78 ,Groceries,Food,"$2,687.61 ",Expense,,,,
2013,September,10/7/2013,Transfer to Car,$28.41 ,Car Maintenance,Transportation,"$2,659.20 ",Expense,,,,
2013,September,10/7/2013,Transfer to Gifts,$31.71 ,Gifts,Personal,"$2,627.49 ",Expense,,,,
2013,September,10/7/2013,Transfer to Savings,$400.00 ,Savings,Saving,"$2,227.49 ",Expense,,,,
2013,October,10/7/2013,Transfer from Savings,"$1,250.00 ",Reimbursables,Gross Income,"$3,477.49 ",Income,,,,
2013,October,10/8/2013,James J Gorney P.C.,"$1,250.00 ",Legal,Personal,"$2,227.49 ",Expense,,,,
2013,October,10/8/2013,Comcast,$72.37 ,Internet,Utilities,"$2,155.12 ",Expense,,,,
2013,October,10/10/2013,DFAS,"$2,260.98 ",Joey Income,Gross Income,"$4,416.10 ",Income,,,,
2013,October,10/10/2013,FEGLI,$24.20 ,Life Insurance,Medical,"$4,391.90 ",Expense,,,,
2013,October,10/10/2013,FEHB,$102.19 ,Health Insurance,Medical,"$4,289.71 ",Expense,,,,
2013,October,10/10/2013,OASDI,$133.85 ,Social Security,Taxes,"$4,155.86 ",Expense,,,,
2013,October,10/10/2013,Federal Tax,$33.96 ,Federal Taxes,Taxes,"$4,121.90 ",Expense,,,,
2013,October,10/10/2013,Medicare,$31.30 ,Medicare,Taxes,"$4,090.60 ",Expense,,,,
2013,October,10/10/2013,State Tax,$27.44 ,State Taxes,Taxes,"$4,063.16 ",Expense,,,,
2013,October,10/10/2013,FERS,$18.09 ,FERS,Retirement,"$4,045.07 ",Expense,,,,
2013,October,10/11/2013,ATM Withdrawl,$40.00 ,Groceries,Food,"$4,005.07 ",Expense,,,,
2013,October,10/15/2013,Giant,$28.15 ,FUN,Personal,"$3,976.92 ",Expense,,,,
2013,October,10/15/2013,7 Eleven,$37.60 ,Gas,Transportation,"$3,939.32 ",Expense,,,,
2013,October,10/15/2013,BJs,$17.98 ,Misc.,Personal,"$3,921.34 ",Expense,,,,
2013,October,10/15/2013,BJs,$8.99 ,Groceries,Food,"$3,912.35 ",Expense,,,,
2013,October,10/15/2013,BJs,$28.41 ,Gifts,Personal,"$3,883.94 ",Expense,,,,
2013,October,10/15/2013,MOMs,$106.43 ,Groceries,Food,"$3,777.51 ",Expense,,,,
2013,October,10/16/2013,Safeway,$56.53 ,Gas,Transportation,"$3,720.98 ",Expense,,,,
2013,October,10/16/2013,TJ Maxx,$18.98 ,Children Clothes,Clothing,"$3,702.00 ",Expense,,,,
2013,October,10/16/2013,TJ Maxx,$9.98 ,Gifts,Personal,"$3,692.02 ",Expense,,,,
2013,October,10/16/2013,TJ Maxx,$31.36 ,Clothes,Clothing,"$3,660.66 ",Expense,,,,
2013,October,10/16/2013,SMECO,$136.14 ,Electric,Utilities,"$3,524.52 ",Expense,,,,
2013,October,10/17/2013,Giant,$6.35 ,FUN,Personal,"$3,518.17 ",Expense,,,,
2013,October,10/17/2013,Dicks Sporting Goods,$36.01 ,Exercise,Recreation,"$3,482.16 ",Expense,,,,
2013,September,10/17/2013,Eric's Batchelor Party,$469.75 ,Entertainment,Recreation,"$3,012.41 ",Expense,,,,
2013,October,10/21/2013,MOMs,$18.98 ,Drugs,Medical,"$2,993.43 ",Expense,,,,
2013,October,10/21/2013,MOMs,$66.57 ,Groceries,Food,"$2,926.86 ",Expense,,,,
2013,October,10/21/2013,Lowes,$16.41 ,Maintenance,Housing,"$2,910.45 ",Expense,,,,
2013,October,10/21/2013,Giant,$20.52 ,FUN,Personal,"$2,889.93 ",Expense,,,,
2013,October,10/21/2013,Safeway,$11.21 ,Gifts,Personal,"$2,878.72 ",Expense,,,,
2013,October,10/21/2013,Safeway,$38.91 ,Gas,Transportation,"$2,839.81 ",Expense,,,,
2013,October,10/21/2013,Geico,$107.19 ,Car Insurance,Transportation,"$2,732.62 ",Expense,,,,
2013,October,10/24/2013,World Vision,$60.00 ,Charity,Charity,"$2,672.62 ",Expense,,,,
2013,October,10/24/2013,DFAS,"$4,564.62 ",Joey Income,Gross Income,"$7,237.24 ",Income,,,,
2013,October,10/24/2013,FEGLI,$24.20 ,Life Insurance,Medical,"$7,213.04 ",Expense,,,,
2013,October,10/24/2013,FEHB,$102.19 ,Health Insurance,Medical,"$7,110.85 ",Expense,,,,
2013,October,10/24/2013,OASDI,$276.67 ,Social Security,Taxes,"$6,834.18 ",Expense,,,,
2013,October,10/24/2013,Federal Tax,$344.80 ,Federal Taxes,Taxes,"$6,489.38 ",Expense,,,,
2013,October,10/24/2013,Medicare,$64.70 ,Medicare,Taxes,"$6,424.68 ",Expense,,,,
2013,October,10/24/2013,State Tax,$203.68 ,State Taxes,Taxes,"$6,221.00 ",Expense,,,,
2013,October,10/24/2013,FERS,$36.51 ,FERS,Retirement,"$6,184.49 ",Expense,,,,
2013,October,10/23/2013,Sallie Mae,$15.49 ,Joey Sallie Mae,Debts,"$6,169.00 ",Expense,,,,
2013,October,10/23/2013,Sallie Mae,$28.66 ,Joey Sallie Mae,Debts,"$6,140.34 ",Expense,,,,
2013,October,10/23/2013,Sallie Mae,$30.74 ,Joey Sallie Mae,Debts,"$6,109.60 ",Expense,,,,
2013,October,10/23/2013,Sallie Mae,$55.55 ,Joey Sallie Mae,Debts,"$6,054.05 ",Expense,,,,
2013,October,10/23/2013,Sallie Mae,$64.61 ,Joey Sallie Mae,Debts,"$5,989.44 ",Expense,,,,
2013,October,10/23/2013,Sallie Mae,$65.77 ,Joey Sallie Mae,Debts,"$5,923.67 ",Expense,,,,
2013,October,10/25/2013,Shoppers,$5.18 ,Misc.,Personal,"$5,918.49 ",Expense,,,,
2013,October,10/28/2013,Lowes,($16.41),Maintenance,Housing,"$5,934.90 ",Expense,,,,
2013,October,10/28/2013,Lowes,$16.94 ,Maintenance,Housing,"$5,917.96 ",Expense,,,,
2013,October,10/28/2013,Papa Johns,$23.32 ,FUN,Personal,"$5,894.64 ",Expense,,,,
2013,October,10/28/2013,Shell,$38.30 ,Gas,Transportation,"$5,856.34 ",Expense,,,,
2013,October,10/28/2013,SMJJA,$50.00 ,Exercise,Recreation,"$5,806.34 ",Expense,,,,
2013,October,10/28/2013,MOMs,$67.41 ,Groceries,Food,"$5,738.93 ",Expense,,,,
2013,October,10/29/2013,Transfer to Car,$100.00 ,Car Maintenance,Transportation,"$5,638.93 ",Expense,,,,
2013,October,10/29/2013,Transfer to Gifts,$7.51 ,Gifts,Personal,"$5,631.42 ",Expense,,,,
2013,October,10/29/2013,La Plata Baptist Church,$682.56 ,Charity,Charity,"$4,948.86 ",Expense,,,,
2013,September,9/30/2013,Dividend,$0.01 ,Other Income,Gross Income,"$4,948.86 ",,,,,
2013,September,9/30/2013,Dividend,$0.01 ,Other Income,Gross Income,"$4,948.86 ",,,,,
2013,September,9/30/2013,Dividend,$0.29 ,Other Income,Gross Income,"$4,948.86 ",,,,,
2013,October,10/30/2013,Sallie Mae,$992.18 ,Joey Sallie Mae,Debts,"$3,956.68 ",Expense,,,,
2013,November,10/30/2013,Water,$89.55 ,Water,Utilities,"$3,867.13 ",Expense,,,,
2013,November,10/31/2013,James J Gorney P.C.,"$8,641.75 ",Reimbursables,Gross Income,"$12,508.88 ",Income,,,,
2013,November,10/31/2013,Withdrawl,$40.00 ,Groceries,Food,"$12,468.88 ",Expense,,,,
2013,October,10/31/2013,Dividend,$0.18 ,Other Income,Gross Income,"$12,469.06 ",Income,,,,
2013,November,10/31/2013,Giant,$14.25 ,FUN,Personal,"$12,454.81 ",Expense,,,,
2013,November,11/1/2013,Pax Baby,$140.00 ,Gifts,Personal,"$12,314.81 ",Expense,,,,
2013,November,11/1/2013,Verizon Wireless,$153.69 ,Cell Phone,Utilities,"$12,161.12 ",Expense,,,,
2013,November,11/4/2013,Amazon,$90.74 ,Groceries,Food,"$12,070.38 ",Expense,,,,
2013,November,11/4/2013,Netflix,$16.46 ,TV,Utilities,"$12,053.92 ",Expense,,,,
2013,November,11/4/2013,Shell,$33.56 ,Gas,Transportation,"$12,020.36 ",Expense,,,,
2013,November,11/4/2013,Safeway,$57.66 ,Gas,Transportation,"$11,962.70 ",Expense,,,,
2013,November,11/4/2013,MOMs,$47.42 ,Groceries,Food,"$11,915.28 ",Expense,,,,
2013,November,11/4/2013,BJs,$5.38 ,Gifts,Personal,"$11,909.90 ",Expense,,,,
2013,November,11/4/2013,BJs,$25.97 ,Toiletries,Personal,"$11,883.93 ",Expense,,,,
2013,November,11/4/2013,BJs,$10.99 ,Supplements,Personal,"$11,872.94 ",Expense,,,,
2013,November,11/4/2013,MOMs,$6.49 ,Charity,Charity,"$11,866.45 ",Expense,,,,
2013,November,11/4/2013,BJs,$8.99 ,Charity,Charity,"$11,857.46 ",Expense,,,,
2013,November,11/4/2013,BJs,$43.83 ,Groceries,Food,"$11,813.63 ",Expense,,,,
2013,November,11/4/2013,Safeway,$4.23 ,Gifts,Personal,"$11,809.40 ",Expense,,,,
2013,November,11/5/2013,Kindle Store,$3.99 ,FUN,Personal,"$11,805.41 ",Expense,,,,
2013,November,11/5/2013,loanDepot,"$1,303.71 ",Mortgage,Housing,"$10,501.70 ",Expense,,,,
2013,November,11/5/2013,loanDepot,$295.63 ,Property Taxes,Housing,"$10,206.07 ",Expense,,,,
2013,November,11/5/2013,loanDepot,$81.35 ,Property Insurance,Housing,"$10,124.72 ",Expense,,,,
2013,November,11/5/2013,Sallie Mae,"$6,643.19 ",Joey Sallie Mae,Debts,"$3,481.53 ",Expense,,,,
2013,November,11/6/2013,Food Lion,$5.49 ,Misc.,Personal,"$3,476.04 ",Expense,,,,
2013,November,11/6/2013,Waste Management,$129.48 ,Trash,Utilities,"$3,346.56 ",Expense,,,,
2013,November,11/7/2013,DFAS,"$3,412.80 ",Joey Income,Gross Income,"$6,759.36 ",Income,,,,
2013,November,11/7/2013,FEGLI,$24.20 ,Life Insurance,Medical,"$6,735.16 ",Expense,,,,
2013,November,11/7/2013,FEHB,$102.19 ,Health Insurance,Medical,"$6,632.97 ",Expense,,,,
2013,November,11/7/2013,OASDI,$205.26 ,Social Security,Taxes,"$6,427.71 ",Expense,,,,
2013,November,11/7/2013,Federal Tax,$189.38 ,Federal Taxes,Taxes,"$6,238.33 ",Expense,,,,
2013,November,11/7/2013,Medicare,$48.01 ,Medicare,Taxes,"$6,190.32 ",Expense,,,,
2013,November,11/7/2013,State Tax,$115.56 ,State Taxes,Taxes,"$6,074.76 ",Expense,,,,
2013,November,11/7/2013,FERS,$27.30 ,FERS,Retirement,"$6,047.46 ",Expense,,,,
2013,November,11/8/2013,Bed Bath & Beyond,$31.77 ,Gifts,Personal,"$6,015.69 ",Expense,,,,
2013,November,11/8/2013,Shell,$35.95 ,Gas,Transportation,"$5,979.74 ",Expense,,,,
2013,November,11/8/2013,Comcast,$72.37 ,Internet,Utilities,"$5,907.37 ",Expense,,,,
2013,November,11/7/2013,Food Lion,$5.49 ,Misc.,Personal,"$5,901.88 ",Expense,,,,
2013,November,11/7/2013,Wal Mart,$30.36 ,Children Clothes,Clothing,"$5,871.52 ",Expense,,,,
2013,November,11/7/2013,Amazon,$81.04 ,Maintenance,Housing,"$5,790.48 ",Expense,,,,
2013,November,11/12/2013,TJ Maxx,$9.99 ,Gifts,Personal,"$5,780.49 ",Expense,,,,
2013,November,11/12/2013,TJ Maxx,$11.19 ,Misc.,Personal,"$5,769.30 ",Expense,,,,
2013,November,11/12/2013,MOMs,$63.88 ,Groceries,Food,"$5,705.42 ",Expense,,,,
2013,November,11/12/2013,BJs,$5.70 ,FUN,Personal,"$5,699.72 ",Expense,,,,
2013,November,11/12/2013,BJs,$38.47 ,Groceries,Food,"$5,661.25 ",Expense,,,,
2013,November,11/12/2013,Sunoco,$55.97 ,Gas,Transportation,"$5,605.28 ",Expense,,,,
2013,November,11/12/2013,Medstar,$119.72 ,Doctor,Medical,"$5,485.56 ",Expense,,,,
2013,November,11/13/2013,BJs,$16.55 ,Groceries,Food,"$5,469.01 ",Expense,,,,
2013,November,11/13/2013,Amazon,$118.90 ,Maintenance,Housing,"$5,350.11 ",Expense,,,,
2013,November,11/13/2013,SMECO,$108.43 ,Electric,Utilities,"$5,241.68 ",Expense,,,,
2013,November,11/15/2013,Shell,$30.77 ,Gas,Transportation,"$5,210.91 ",Expense,,,,
2013,November,11/18/2013,Kindle Store,$3.99 ,FUN,Personal,"$5,206.92 ",Expense,,,,
2013,November,11/18/2013,Safeway,$4.23 ,Gifts,Personal,"$5,202.69 ",Expense,,,,
2013,November,11/18/2013,Giant,$8.29 ,FUN,Personal,"$5,194.40 ",Expense,,,,
2013,November,11/18/2013,Rosewick Wine & Spirit,$15.25 ,FUN,Personal,"$5,179.15 ",Expense,,,,
2013,November,11/18/2013,MOMs,$55.05 ,Groceries,Food,"$5,124.10 ",Expense,,,,
2013,November,11/18/2013,MOMs,$17.14 ,Supplements,Personal,"$5,106.96 ",Expense,,,,
2013,November,11/19/2013,Burch Propane,$169.35 ,Heat,Housing,"$4,937.61 ",Expense,,,,
2013,November,11/21/2013,DFAS,"$3,412.80 ",Joey Income,Gross Income,"$8,350.41 ",Income,,,,
2013,November,11/21/2013,FEGLI,$24.20 ,Life Insurance,Medical,"$8,326.21 ",Expense,,,,
2013,November,11/21/2013,FEHB,$102.19 ,Health Insurance,Medical,"$8,224.02 ",Expense,,,,
2013,November,11/21/2013,OASDI,$205.26 ,Social Security,Taxes,"$8,018.76 ",Expense,,,,
2013,November,11/21/2013,Federal Tax,$189.38 ,Federal Taxes,Taxes,"$7,829.38 ",Expense,,,,
2013,November,11/21/2013,Medicare,$48.00 ,Medicare,Taxes,"$7,781.38 ",Expense,,,,
2013,November,11/21/2013,State Tax,$115.56 ,State Taxes,Taxes,"$7,665.82 ",Expense,,,,
2013,November,11/21/2013,FERS,$27.30 ,FERS,Retirement,"$7,638.52 ",Expense,,,,
2013,November,11/21/2013,Deposit,$77.00 ,Other Income,Gross Income,"$7,715.52 ",Income,,,,
2013,November,11/21/2013,BJs,$32.77 ,Gas,Transportation,"$7,682.75 ",Expense,,,,
2013,November,11/21/2013,Geico,$107.19 ,Car Insurance,Transportation,"$7,575.56 ",Expense,,,,
2013,November,11/25/2013,Shell,$55.20 ,Gas,Transportation,"$7,520.36 ",Expense,,,,
2013,November,11/25/2013,MOMs,$13.36 ,Misc.,Personal,"$7,507.00 ",Expense,,,,
2013,November,11/25/2013,MOMs,$48.89 ,Groceries,Food,"$7,458.11 ",Expense,,,,
2013,December,11/25/2013,BJs,$108.15 ,Gifts,Personal,"$7,349.96 ",Expense,,,,
2013,November,11/25/2013,BJs,$9.39 ,Gifts,Personal,"$7,340.57 ",Expense,,,,
2013,November,11/25/2013,BJs,$14.78 ,Groceries,Food,"$7,325.79 ",Expense,,,,
2013,November,11/25/2013,BJs,$26.78 ,Heat,Housing,"$7,299.01 ",Expense,,,,
2013,November,11/25/2013,Lowes,$14.61 ,Misc.,Personal,"$7,284.40 ",Expense,,,,
2013,November,11/26/2013,Lowes,$137.76 ,Heat,Housing,"$7,146.64 ",Expense,,,,
2013,November,11/25/2013,World Vision,$60.00 ,Charity,Charity,"$7,086.64 ",Expense,,,,
2013,November,11/25/2013,Sallie Mae,$15.49 ,Joey Sallie Mae,Debts,"$7,071.15 ",Expense,,,,
2013,November,11/25/2013,Sallie Mae,$28.66 ,Joey Sallie Mae,Debts,"$7,042.49 ",Expense,,,,
2013,November,11/25/2013,Sallie Mae,$30.74 ,Joey Sallie Mae,Debts,"$7,011.75 ",Expense,,,,
2013,November,11/25/2013,Sallie Mae,$55.56 ,Joey Sallie Mae,Debts,"$6,956.19 ",Expense,,,,
2013,November,11/25/2013,Sallie Mae,$63.75 ,Joey Sallie Mae,Debts,"$6,892.44 ",Expense,,,,
2013,November,11/27/2013,BJs,$26.47 ,Misc.,Personal,"$6,865.97 ",Expense,,,,
2013,November,11/27/2013,BJs,$32.51 ,Gas,Transportation,"$6,833.46 ",Expense,,,,
2013,November,11/27/2013,California Wine and Spirits,$34.86 ,Misc.,Personal,"$6,798.60 ",Expense,,,,
2013,November,11/29/2013,SMJJA,$50.00 ,Exercise,Recreation,"$6,748.60 ",Expense,,,,
2013,November,11/29/2013,Dividend,$0.28 ,Other Income,Gross Income,"$6,748.88 ",Income,,,,
2013,November,12/2/2013,Lowes,($74.18),Heat,Housing,"$6,823.06 ",Expense,,,,
2013,December,12/2/2013,6PM,$35.99 ,GIfts,Personal,"$6,787.07 ",Expense,,,,
2013,December,12/2/2013,TJ Maxx,$132.39 ,Gifts,Personal,"$6,654.68 ",Expense,,,,
2013,December,12/2/2013,MOMs,$18.54 ,House Supplies,Personal,"$6,636.14 ",Expense,,,,
2013,December,12/2/2013,MOMs,$5.58 ,FUN,Personal,"$6,630.56 ",Expense,,,,
2013,December,12/2/2013,MOMs,$40.11 ,Groceries,Food,"$6,590.45 ",Expense,,,,
2013,December,12/2/2013,BJs,$4.85 ,FUN,Personal,"$6,585.60 ",Expense,,,,
2013,December,12/2/2013,BJs,$6.13 ,Gifts,Personal,"$6,579.47 ",Expense,,,,
2013,December,12/2/2013,BJs,$55.94 ,Groceries,Food,"$6,523.53 ",Expense,,,,
2013,December,12/2/2013,Amazon,$90.74 ,Groceries,Food,"$6,432.79 ",Expense,,,,
2013,December,12/2/2013,Netflix,$16.46 ,TV,Utilities,"$6,416.33 ",Expense,,,,
2013,November,12/2/2013,Lowes,$193.86 ,Heat,Housing,"$6,222.47 ",Expense,,,,
2013,December,12/2/2013,Giant,$21.19 ,Misc.,Personal,"$6,201.28 ",Expense,,,,
2013,November,12/2/2013,Transfer to Savings,"$1,800.00 ",Savings,Saving,"$4,401.28 ",Expense,,,,
2013,November,12/2/2013,Transfer to Car,$100.00 ,Car Maintenance,Transportation,"$4,301.28 ",Expense,,,,
2013,December,12/5/2013,DFAS,"$3,526.40 ",Joey Income,Gross Income,"$7,827.68 ",Income,,,,
2013,December,12/5/2013,FEGLI,$24.95 ,Life Insurance,Medical,"$7,802.73 ",Expense,,,,
2013,December,12/5/2013,FEHB,$102.19 ,Health Insurance,Medical,"$7,700.54 ",Expense,,,,
2013,December,12/5/2013,OASDI,$212.30 ,Social Security,Taxes,"$7,488.24 ",Expense,,,,
2013,December,12/5/2013,Federal Tax,$179.97 ,Federal Taxes,Taxes,"$7,308.27 ",Expense,,,,
2013,December,12/5/2013,Medicare,$49.65 ,Medicare,Taxes,"$7,258.62 ",Expense,,,,
2013,December,12/5/2013,State Tax,$110.76 ,State Taxes,Taxes,"$7,147.86 ",Expense,,,,
2013,December,12/5/2013,FERS,$28.21 ,FERS,Retirement,"$7,119.65 ",Expense,,,,
2013,December,12/5/2013,TSP,$176.32 ,TSP,Retirement,"$6,943.33 ",Expense,,,,
2013,December,12/3/2013,Wal Mart,$5.57 ,Children Clothes,Clothing,"$6,937.76 ",Expense,,,,
2013,December,12/3/2013,Wal Mart,$6.62 ,Misc.,Personal,"$6,931.14 ",Expense,,,,
2013,November,12/3/2013,Sallie Mae,$159.67 ,Joey Sallie Mae,Debts,"$6,771.47 ",Expense,,,,
2013,December,12/3/2013,loanDepot,"$1,303.71 ",Mortgage,Housing,"$5,467.76 ",Expense,,,,
2013,December,12/3/2013,loanDepot,$295.63 ,Property Taxes,Housing,"$5,172.13 ",Expense,,,,
2013,December,12/3/2013,loanDepot,$81.35 ,Property Insurance,Housing,"$5,090.78 ",Expense,,,,
2013,November,12/3/2013,La Plata Baptist Church,$667.00 ,Charity,Charity,"$4,423.78 ",Expense,,,,
2013,December,12/3/2013,Subway,$7.16 ,FUN,Personal,"$4,416.62 ",Expense,,,,
2013,December,12/3/2013,MOMs,$14.01 ,Drugs,Medical,"$4,402.61 ",Expense,,,,
2013,December,12/3/2013,Shell,$56.48 ,Gas,Transportation,"$4,346.13 ",Expense,,,,
2013,December,12/4/2013,Verizon Wireless,$153.61 ,Cell Phone,Utilities,"$4,192.52 ",Expense,,,,
2013,December,12/5/2013,Giant,$6.35 ,FUN,Personal,"$4,186.17 ",Expense,,,,
2013,December,12/5/2013,Giant,$33.85 ,Gas,Transportation,"$4,152.32 ",Expense,,,,
2013,December,12/5/2013,Amazon,$134.99 ,GIfts,Personal,"$4,017.33 ",Expense,,,,
2013,December,12/9/2013,Safeway,$3.17 ,FUN,Personal,"$4,014.16 ",Expense,,,,
2013,December,12/9/2013,Giant,$7.99 ,Groceries,Food,"$4,006.17 ",Expense,,,,
2013,December,12/9/2013,Lowes,$24.54 ,Heat,Housing,"$3,981.63 ",Expense,,,,
2013,December,12/9/2013,Shutterfly,$27.81 ,GIfts,Personal,"$3,953.82 ",Expense,,,,
2013,December,12/9/2013,TJ Maxx,$84.86 ,Gifts,Personal,"$3,868.96 ",Expense,,,,
2013,December,12/9/2013,MOMs,$85.36 ,Groceries,Food,"$3,783.60 ",Expense,,,,
2013,December,12/9/2013,Comcast,$72.37 ,Internet,Utilities,"$3,711.23 ",Expense,,,,
2013,December,12/11/2013,My Adventure Books,$19.99 ,GIfts,Personal,"$3,691.24 ",Expense,,,,
2013,December,12/11/2013,BJs,$11.99 ,Groceries,Food,"$3,679.25 ",Expense,,,,
2013,December,12/12/2013,Walmart,$17.59 ,Gifts,Personal,"$3,661.66 ",Expense,,,,
2013,December,12/13/2013,Deposit,$107.19 ,Reimbursables,Gross Income,"$3,768.85 ",Income,,,,
2013,December,12/13/2013,BJs,$36.84 ,Gas,Transportation,"$3,732.01 ",Expense,,,,
2013,December,12/13/2013,BJs,$16.52 ,Groceries,Food,"$3,715.49 ",Expense,,,,
2013,December,12/13/2013,BJs,$9.00 ,Clothes,Clothing,"$3,706.49 ",Expense,,,,
2013,December,12/13/2013,BJs,$16.00 ,Children Clothes,Clothing,"$3,690.49 ",Expense,,,,
2013,December,12/13/2013,My Adventure Books,$45.97 ,GIfts,Personal,"$3,644.52 ",Expense,,,,
2013,November,12/16/2013,Lowes,($166.36),Heat,Housing,"$3,810.88 ",Expense,,,,
2013,December,12/16/2013,Target,$5.08 ,Cleaning /Laundry,Clothing,"$3,805.80 ",Expense,,,,
2013,December,12/16/2013,Safeway,$9.07 ,FUN,Personal,"$3,796.73 ",Expense,,,,
2013,December,12/16/2013,Books-A-Million,$24.37 ,Gifts,Personal,"$3,772.36 ",Expense,,,,
2013,December,12/16/2013,Lowes,$31.69 ,Maintenance,Housing,"$3,740.67 ",Expense,,,,
2013,December,12/16/2013,Safeway,$52.93 ,Gas,Transportation,"$3,687.74 ",Expense,,,,
2013,December,12/16/2013,Wal Mart,$59.34 ,Gifts,Personal,"$3,628.40 ",Expense,,,,
2013,December,12/16/2013,MOMs,$80.43 ,Groceries,Food,"$3,547.97 ",Expense,,,,
2013,November,12/16/2013,Burch Propane,$240.54 ,Heat,Housing,"$3,307.43 ",Expense,,,,
2013,December,12/16/2013,Burch Propane,$62.62 ,Heat,Housing,"$3,244.81 ",Expense,,,,
2013,December,12/17/2013,Giant,$8.13 ,FUN,Personal,"$3,236.68 ",Expense,,,,
2013,December,12/17/2013,USPS,$27.60 ,Misc.,Personal,"$3,209.08 ",Expense,,,,
2013,December,12/17/2013,La Plata Baptist Church,$303.16 ,Charity,Charity,"$2,905.92 ",Expense,,,,
2013,December,12/18/2013,Simply Whisper,$20.93 ,GIfts,Personal,"$2,884.99 ",Expense,,,,
2013,December,12/19/2013,DFAS,"$3,526.40 ",Joey Income,Gross Income,"$6,411.39 ",Income,,,,
2013,December,12/19/2013,FEGLI,$24.95 ,Life Insurance,Medical,"$6,386.44 ",Expense,,,,
2013,December,12/19/2013,FEHB,$102.19 ,Health Insurance,Medical,"$6,284.25 ",Expense,,,,
2013,December,12/19/2013,OASDI,$212.30 ,Social Security,Taxes,"$6,071.95 ",Expense,,,,
2013,December,12/19/2013,Federal Tax,$179.97 ,Federal Taxes,Taxes,"$5,891.98 ",Expense,,,,
2013,December,12/19/2013,Medicare,$49.65 ,Medicare,Taxes,"$5,842.33 ",Expense,,,,
2013,December,12/19/2013,State Tax,$110.76 ,State Taxes,Taxes,"$5,731.57 ",Expense,,,,
2013,December,12/19/2013,FERS,$28.21 ,FERS,Retirement,"$5,703.36 ",Expense,,,,
2013,December,12/19/2013,TSP,$176.32 ,TSP,Retirement,"$5,527.04 ",Expense,,,,
2013,December,12/20/2013,Wawa,$37.38 ,Gas,Transportation,"$5,489.66 ",Expense,,,,
2013,December,12/20/2013,Geico,$107.19 ,Car Insurance,Transportation,"$5,382.47 ",Expense,,,,
2013,December,12/23/2013,BJs,$7.17 ,FUN,Personal,"$5,375.30 ",Expense,,,,
2013,December,12/23/2013,Sweet Frog,$9.04 ,FUN,Personal,"$5,366.26 ",Expense,,,,
2013,December,12/23/2013,Wawa,$57.05 ,Gas,Transportation,"$5,309.21 ",Expense,,,,
2013,December,12/23/2013,MOMs,$9.99 ,Drugs,Medical,"$5,299.22 ",Expense,,,,
2013,December,12/23/2013,MOMs,$11.98 ,House Supplies,Personal,"$5,287.24 ",Expense,,,,
2013,December,12/23/2013,MOMs,$37.12 ,Groceries,Food,"$5,250.12 ",Expense,,,,
2013,December,12/23/2013,BJs,$10.98 ,Children Clothes,Clothing,"$5,239.14 ",Expense,,,,
2013,December,12/23/2013,BJs,$23.17 ,Groceries,Food,"$5,215.97 ",Expense,,,,
2013,December,12/23/2013,BJs,$10.99 ,Supplements,Personal,"$5,204.98 ",Expense,,,,
2013,December,12/23/2013,BJs,$20.62 ,Gifts,Personal,"$5,184.36 ",Expense,,,,
2013,December,12/23/2013,TJ Maxx,$107.02 ,GIfts,Personal,"$5,077.34 ",Expense,,,,
2013,December,12/23/2013,Sallie Mae,$15.49 ,Joey Sallie Mae,Debts,"$5,061.85 ",Expense,,,,
2013,December,12/23/2013,Sallie Mae,$28.66 ,Joey Sallie Mae,Debts,"$5,033.19 ",Expense,,,,
2013,December,12/23/2013,Sallie Mae,$30.74 ,Joey Sallie Mae,Debts,"$5,002.45 ",Expense,,,,
2013,December,12/23/2013,Sallie Mae,$55.56 ,Joey Sallie Mae,Debts,"$4,946.89 ",Expense,,,,
2013,December,12/23/2013,Sallie Mae,$63.75 ,Joey Sallie Mae,Debts,"$4,883.14 ",Expense,,,,
2013,December,12/24/2013,World Vision,$60.00 ,Charity,Charity,"$4,823.14 ",Expense,,,,
2013,December,12/27/2013,Target,$8.90 ,House Supplies,Personal,"$4,814.24 ",Expense,,,,
2013,December,12/30/2013,BJs,$2.10 ,FUN,Personal,"$4,812.14 ",Expense,,,,
2014,January,12/30/2013,Its Sugar,$4.95 ,Gifts,Personal,"$4,807.19 ",Expense,,,,
2014,January,12/30/2013,Target,$5.08 ,Cleaning /Laundry,Clothing,"$4,802.11 ",Expense,,,,
2014,January,12/30/2013,Chick-fil-A,$11.93 ,Gifts,Personal,"$4,790.18 ",Expense,,,,
2014,January,12/30/2013,Coach,$34.34 ,GIfts,Personal,"$4,755.84 ",Expense,,,,
2014,January,12/30/2013,TJ Maxx,$38.15 ,Clothes,Clothing,"$4,717.69 ",Expense,,,,
2014,January,12/30/2013,MOMs,$46.65 ,Groceries,Food,"$4,671.04 ",Expense,,,,
2014,January,12/30/2013,BJs,$37.68 ,FUN,Personal,"$4,633.36 ",Expense,,,,
2014,January,12/30/2013,BJs,$60.13 ,Groceries,Food,"$4,573.23 ",Expense,,,,
2014,January,12/30/2013,Brooks Brothers,$136.76 ,Gifts,Personal,"$4,436.47 ",Expense,,,,
2014,January,12/30/2013,Ralph Lauren,$170.38 ,Gifts,Personal,"$4,266.09 ",Expense,,,,
2013,December,12/30/2013,SMECO,$177.50 ,Electric,Utilities,"$4,088.59 ",Expense,,,,
2014,January,12/30/2013,SMECO,$277.13 ,Electric,Utilities,"$3,811.46 ",Expense,,,,
2013,December,12/31/2013,Walgreens,$7.68 ,Drugs,Medical,"$3,803.78 ",Expense,,,,
2014,January,12/31/2013,Rosewick Wine & Spirit,$15.24 ,FUN,Personal,"$3,788.54 ",Expense,,,,
2014,January,12/31/2013,Fandango,$29.00 ,Gifts,Personal,"$3,759.54 ",Expense,,,,
2013,December,12/31/2013,La Plata Baptist Church,$343.00 ,Charity,Charity,"$3,416.54 ",Expense,,,,
2013,December,12/31/2013,Dividend,$0.18 ,Other Income,Gross Income,"$3,416.72 ",Income,,,,
2014,January,1/2/2014,DFAS,"$3,526.40 ",Joey Income,Gross Income,"$6,943.12 ",Income,,,,
2014,January,1/2/2014,FEGLI,$24.95 ,Life Insurance,Medical,"$6,918.17 ",Expense,,,,
2014,January,1/2/2014,FEHB,$102.19 ,Health Insurance,Medical,"$6,815.98 ",Expense,,,,
2014,January,1/2/2014,OASDI,$212.30 ,Social Security,Taxes,"$6,603.68 ",Expense,,,,
2014,January,1/2/2014,Federal Tax,$179.97 ,Federal Taxes,Taxes,"$6,423.71 ",Expense,,,,
2014,January,1/2/2014,Medicare,$49.65 ,Medicare,Taxes,"$6,374.06 ",Expense,,,,
2014,January,1/2/2014,State Tax,$110.76 ,State Taxes,Taxes,"$6,263.30 ",Expense,,,,
2014,January,1/2/2014,FERS,$28.21 ,FERS,Retirement,"$6,235.09 ",Expense,,,,
2014,January,1/2/2014,TSP,$176.32 ,TSP,Retirement,"$6,058.77 ",Expense,,,,
2014,January,1/2/2014,Netflix,$16.46 ,TV,Utilities,"$6,042.31 ",Expense,,,,
2013,December,1/2/2014,SMJJA,$50.00 ,Exercise,Recreation,"$5,992.31 ",Expense,,,,
2014,January,1/2/2014,Verizon Wireless,$153.93 ,Cell Phone,Utilities,"$5,838.38 ",Expense,,,,
2014,January,1/2/2014,loanDepot,"$1,303.71 ",Mortgage,Housing,"$4,534.67 ",Expense,,,,
2014,January,1/2/2014,loanDepot,$236.68 ,Property Taxes,Housing,"$4,297.99 ",Expense,,,,
2014,January,1/2/2014,loanDepot,$81.34 ,Property Insurance,Housing,"$4,216.65 ",Expense,,,,
2014,January,1/3/2014,Nutribullet,$24.93 ,Misc.,Personal,"$4,191.72 ",Expense,,,,
2014,January,1/6/2014,eDeposit,"$1,000.00 ",Other Income,Gross Income,"$5,191.72 ",Income,,,,
2014,January,1/6/2014,Shell,$60.96 ,Gas,Transportation,"$5,130.76 ",Expense,,,,
2014,January,1/6/2014,MOMs,$68.46 ,Groceries,Food,"$5,062.30 ",Expense,,,,
2014,January,1/6/2014,BJs,$1.90 ,FUN,Personal,"$5,060.40 ",Expense,,,,
2014,January,1/6/2014,BJs,$16.26 ,Children Clothes,Clothing,"$5,044.14 ",Expense,,,,
2014,January,1/6/2014,BJs,$6.19 ,Gifts,Personal,"$5,037.95 ",Expense,,,,
2014,January,1/6/2014,BJs,$42.41 ,Groceries,Food,"$4,995.54 ",Expense,,,,
2014,January,1/6/2014,Republic Wireless,$643.88 ,Gifts,Personal,"$4,351.66 ",Expense,,,,
2014,January,1/6/2014,Shell,$37.86 ,Gas,Transportation,"$4,313.80 ",Expense,,,,
2014,January,1/7/2014,Safeway,$1.50 ,Groceries,Food,"$4,312.30 ",Expense,,,,
2013,December,1/6/2014,Transfer to Car,$100.00 ,Car Maintenance,Transportation,"$4,212.30 ",Expense,,,,
2013,December,1/7/2014,Sallie Mae,$158.80 ,Joey Sallie Mae,Debts,"$4,053.50 ",Expense,,,,
2014,January,1/8/2014,MVA,$187.00 ,License & Taxes,Transportation,"$3,866.50 ",Expense,,,,
2014,January,1/8/2014,Amazon,$6.78 ,Cleaning /Laundry,Clothing,"$3,859.72 ",Expense,,,,
2014,January,1/8/2014,Republic Wireless,$20.79 ,Cell Phone,Utilities,"$3,838.93 ",Expense,,,,
2014,January,1/8/2014,Amazon,$32.23 ,Cleaning /Laundry,Clothing,"$3,806.70 ",Expense,,,,
2014,January,1/8/2014,Comcast,$72.37 ,Internet,Utilities,"$3,734.33 ",Expense,,,,
2014,January,1/9/2014,Target,$29.36 ,Children Clothes,Clothing,"$3,704.97 ",Expense,,,,
2014,January,1/9/2014,Walmart,$31.67 ,Gifts,Personal,"$3,673.30 ",Expense,,,,
2014,January,1/10/2014,Safeway,$2.99 ,Misc.,Personal,"$3,670.31 ",Expense,,,,
2014,January,1/13/2014,Safeway,$25.00 ,Gifts,Personal,"$3,645.31 ",Expense,,,,
2014,January,1/13/2014,Dollar Tree,$14.84 ,GIfts,Personal,"$3,630.47 ",Expense,,,,
2014,January,1/13/2014,Fandango,$14.50 ,Gifts,Personal,"$3,615.97 ",Expense,,,,
2014,January,1/13/2014,Wawa,$37.25 ,Gas,Transportation,"$3,578.72 ",Expense,,,,
2014,January,1/13/2014,MOMs,$66.54 ,Groceries,Food,"$3,512.18 ",Expense,,,,
2014,January,1/13/2014,MOMs,$2.99 ,Cleaning /Laundry,Clothing,"$3,509.19 ",Expense,,,,
2014,January,1/13/2014,MOMs,$6.58 ,Misc.,Personal,"$3,502.61 ",Expense,,,,
2014,January,1/13/2014,MOMs,$9.99 ,Drugs,Medical,"$3,492.62 ",Expense,,,,
2014,January,1/13/2014,BJs,$36.16 ,Groceries,Food,"$3,456.46 ",Expense,,,,
2014,January,1/13/2014,BJs,$3.49 ,Gifts,Personal,"$3,452.97 ",Expense,,,,
2014,January,1/13/2014,Silver Skewers,$90.00 ,GIfts,Personal,"$3,362.97 ",Expense,,,,
2014,January,1/13/2014,Nicks of Clinton,$32.68 ,Gifts,Personal,"$3,330.29 ",Expense,,,,
2014,January,1/15/2014,La Plata Baptist Church,$350.00 ,Charity,Charity,"$2,980.29 ",Expense,,,,
2014,January,1/16/2014,DFAS,"$3,526.40 ",Joey Income,Gross Income,"$6,506.69 ",Income,,,,
2014,January,1/16/2014,FEGLI,$24.95 ,Life Insurance,Medical,"$6,481.74 ",Expense,,,,
2014,January,1/16/2014,FEHB,$102.19 ,Health Insurance,Medical,"$6,379.55 ",Expense,,,,
2014,January,1/16/2014,OASDI,$212.30 ,Social Security,Taxes,"$6,167.25 ",Expense,,,,
2014,January,1/16/2014,Federal Tax,$86.66 ,Federal Taxes,Taxes,"$6,080.59 ",Expense,,,,
2014,January,1/16/2014,Medicare,$49.65 ,Medicare,Taxes,"$6,030.94 ",Expense,,,,
2014,January,1/16/2014,State Tax,$110.76 ,State Taxes,Taxes,"$5,920.18 ",Expense,,,,
2014,January,1/16/2014,FERS,$28.21 ,FERS,Retirement,"$5,891.97 ",Expense,,,,
2014,January,1/16/2014,TSP,$176.32 ,TSP,Retirement,"$5,715.65 ",Expense,,,,
2014,January,1/17/2014,Wal Mart,$14.84 ,Misc.,Personal,"$5,700.81 ",Expense,,,,
2014,January,1/17/2014,Sheetz,$34.32 ,Gas,Transportation,"$5,666.49 ",Expense,,,,
2014,January,1/21/2014,Safeway,$4.67 ,Groceries,Food,"$5,661.82 ",Expense,,,,
2014,January,1/21/2014,MOMs,$38.95 ,Groceries,Food,"$5,622.87 ",Expense,,,,
2014,January,1/21/2014,BJs,$22.27 ,Groceries,Food,"$5,600.60 ",Expense,,,,
2014,January,1/21/2014,Dollar Tree,$10.54 ,Gifts,Personal,"$5,590.06 ",Expense,,,,
2014,January,1/21/2014,Toys-R-Us,$43.56 ,Gifts,Personal,"$5,546.50 ",Expense,,,,
2014,January,1/21/2014,Target,$16.79 ,Misc.,Personal,"$5,529.71 ",Expense,,,,
2014,January,1/21/2014,Geico,$107.19 ,Car Insurance,Transportation,"$5,422.52 ",Expense,,,,
2014,January,1/23/2014,Sallie Mae,$15.49 ,Joey Sallie Mae,Debts,"$5,407.03 ",Expense,,,,
2014,January,1/23/2014,Sallie Mae,$28.66 ,Joey Sallie Mae,Debts,"$5,378.37 ",Expense,,,,
2014,January,1/23/2014,Sallie Mae,$30.74 ,Joey Sallie Mae,Debts,"$5,347.63 ",Expense,,,,
2014,January,1/23/2014,Sallie Mae,$55.56 ,Joey Sallie Mae,Debts,"$5,292.07 ",Expense,,,,
2014,January,1/23/2014,Sallie Mae,$63.75 ,Joey Sallie Mae,Debts,"$5,228.32 ",Expense,,,,
2014,January,1/24/2014,Bethlehem College,$10.00 ,Misc.,Personal,"$5,218.32 ",Expense,,,,
2014,January,1/24/2014,World Vision,$60.00 ,Charity,Charity,"$5,158.32 ",Expense,,,,
2014,January,1/27/2014,Giant,$20.70 ,FUN,Personal,"$5,137.62 ",Expense,,,,
2014,January,1/27/2014,Shell,$38.78 ,Gas,Transportation,"$5,098.84 ",Expense,,,,
2014,January,1/27/2014,Shell,$52.45 ,Gas,Transportation,"$5,046.39 ",Expense,,,,
2014,January,1/27/2014,MOMs,$58.94 ,Groceries,Food,"$4,987.45 ",Expense,,,,
2014,January,1/28/2014,Wal Mart,$20.57 ,Groceries,Food,"$4,966.88 ",Expense,,,,
2014,February,1/30/2014,DFAS,"$3,561.60 ",Joey Income,Gross Income,"$8,528.48 ",Income,,,,
2014,February,1/30/2014,FEGLI,$24.95 ,Life Insurance,Medical,"$8,503.53 ",Expense,,,,
2014,February,1/30/2014,FEHB,$109.34 ,Health Insurance,Medical,"$8,394.19 ",Expense,,,,
2014,February,1/30/2014,OASDI,$214.04 ,Social Security,Taxes,"$8,180.15 ",Expense,,,,
2014,February,1/30/2014,Federal Tax,$88.43 ,Federal Taxes,Taxes,"$8,091.72 ",Expense,,,,
2014,February,1/30/2014,Medicare,$50.06 ,Medicare,Taxes,"$8,041.66 ",Expense,,,,
2014,February,1/30/2014,State Tax,$114.98 ,State Taxes,Taxes,"$7,926.68 ",Expense,,,,
2014,February,1/30/2014,FERS,$28.49 ,FERS,Retirement,"$7,898.19 ",Expense,,,,
2014,February,1/30/2014,TSP,$178.08 ,TSP,Retirement,"$7,720.11 ",Expense,,,,
2014,January,1/31/2014,SMJJA,$50.00 ,Exercise,Recreation,"$7,670.11 ",Expense,,,,
2014,January,1/31/2014,Wal Mart,$3.05 ,Misc.,Personal,"$7,667.06 ",Expense,,,,
2014,February,1/31/2014,EZ Pass,$25.00 ,Travel,Personal,"$7,642.06 ",Expense,,,,
2014,January,1/31/2014,Dividend,$0.20 ,Other Income,Gross Income,"$7,642.26 ",Income,,,,
2014,February,2/3/2014,Sheetz,$23.79 ,Gas,Transportation,"$7,618.47 ",Expense,,,,
2014,February,2/3/2014,Withdrawl,$40.00 ,Groceries,Food,"$7,578.47 ",Expense,,,,
2014,February,2/3/2014,BJs,$10.99 ,Toiletries,Personal,"$7,567.48 ",Expense,,,,
2014,February,2/3/2014,BJs,$111.07 ,Groceries,Food,"$7,456.41 ",Expense,,,,
2014,February,2/3/2014,MOMs,$0.99 ,Groceries,Food,"$7,455.42 ",Expense,,,,
2014,February,2/3/2014,MOMs,$71.78 ,Groceries,Food,"$7,383.64 ",Expense,,,,
2014,February,2/3/2014,Netflix,$16.46 ,TV,Utilities,"$7,367.18 ",Expense,,,,
2014,February,2/4/2014,Republic Wireless,$23.62 ,Cell Phone,Utilities,"$7,343.56 ",Expense,,,,
2014,February,2/4/2014,Safeway,$8.00 ,Groceries,Food,"$7,335.56 ",Expense,,,,
2014,January,2/3/2014,Transfer from Gifts,$203.71 ,Reimbursables,Gross Income,"$7,539.27 ",Income,,,,
2014,January,2/3/2014,Transfer to Car,$100.00 ,Car Maintenance,Transportation,"$7,439.27 ",Expense,,,,
2014,January,2/4/2014,Sallie Mae,$158.80 ,Joey Sallie Mae,Debts,"$7,280.47 ",Expense,,,,
2014,January,2/4/2014,Amazon,$200.00 ,Gifts,Personal,"$7,080.47 ",Expense,,,,
2014,February,2/4/2014,Eric Long,$500.00 ,Gifts,Personal,"$6,580.47 ",Expense,,,,
2014,February,2/5/2014,Christianbook.com,$60.00 ,Kids Misc.,Personal,"$6,520.47 ",Expense,,,,
2014,February,2/5/2014,Christianbook.com,$114.95 ,Gifts,Personal,"$6,405.52 ",Expense,,,,
2014,February,2/5/2014,Charles County Government,$84.02 ,Water,Utilities,"$6,321.50 ",Expense,,,,
2014,February,2/6/2014,Giant,$9.98 ,FUN,Personal,"$6,311.52 ",Expense,,,,
2014,February,2/6/2014,loanDepot,"$1,303.71 ",Mortgage,Housing,"$5,007.81 ",Expense,,,,
2014,February,2/6/2014,loanDepot,$236.68 ,Property Taxes,Housing,"$4,771.13 ",Expense,,,,
2014,February,2/6/2014,loanDepot,$81.34 ,Property Insurance,Housing,"$4,689.79 ",Expense,,,,
2014,February,2/7/2014,Wawa,$36.69 ,Gas,Transportation,"$4,653.10 ",Expense,,,,
2014,February,2/10/2014,MOMs,$0.89 ,Groceries,Food,"$4,652.21 ",Expense,,,,
2014,February,2/10/2014,Dollar Tree,$4.24 ,Misc.,Personal,"$4,647.97 ",Expense,,,,
2014,February,2/10/2014,Freds Liquor,$14.16 ,Misc.,Personal,"$4,633.81 ",Expense,,,,
2014,February,2/10/2014,Wal Mart,$26.47 ,Children Clothes,Clothing,"$4,607.34 ",Expense,,,,
2014,February,2/10/2014,MOMs,$29.39 ,Groceries,Food,"$4,577.95 ",Expense,,,,
2014,February,2/10/2014,MOMs,$5.37 ,FUN,Personal,"$4,572.58 ",Expense,,,,
2014,February,2/10/2014,Exxon,$53.36 ,Gas,Transportation,"$4,519.22 ",Expense,,,,
2014,February,2/10/2014,MOMs,$9.99 ,Drugs,Medical,"$4,509.23 ",Expense,,,,
2014,February,2/10/2014,MOMs,$34.28 ,Toiletries,Personal,"$4,474.95 ",Expense,,,,
2014,February,2/10/2014,MOMs,$27.90 ,Groceries,Food,"$4,447.05 ",Expense,,,,
2014,February,2/10/2014,TJ Maxx,$29.00 ,Clothes,Clothing,"$4,418.05 ",Expense,,,,
2014,February,2/10/2014,TJ Maxx,$65.33 ,FUN,Personal,"$4,352.72 ",Expense,,,,
2014,February,2/10/2014,BJs,$42.40 ,FUN,Personal,"$4,310.32 ",Expense,,,,
2014,February,2/10/2014,BJs,$80.65 ,Groceries,Food,"$4,229.67 ",Expense,,,,
2014,February,2/10/2014,Comcast,$74.37 ,Internet,Utilities,"$4,155.30 ",Expense,,,,
2014,February,2/12/2014,BJs,$36.66 ,Gas,Transportation,"$4,118.64 ",Expense,,,,
2014,February,2/13/2014,DFAS,"$3,561.60 ",Joey Income,Gross Income,"$7,680.24 ",Income,,,,
2014,February,2/13/2014,FEGLI,$24.95 ,Life Insurance,Medical,"$7,655.29 ",Expense,,,,
2014,February,2/13/2014,FEHB,$109.34 ,Health Insurance,Medical,"$7,545.95 ",Expense,,,,
2014,February,2/13/2014,OASDI,$214.04 ,Social Security,Taxes,"$7,331.91 ",Expense,,,,
2014,February,2/13/2014,Federal Tax,$88.43 ,Federal Taxes,Taxes,"$7,243.48 ",Expense,,,,
2014,February,2/13/2014,Medicare,$50.06 ,Medicare,Taxes,"$7,193.42 ",Expense,,,,
2014,February,2/13/2014,State Tax,$114.98 ,State Taxes,Taxes,"$7,078.44 ",Expense,,,,
2014,February,2/13/2014,FERS,$28.49 ,FERS,Retirement,"$7,049.95 ",Expense,,,,
2014,February,2/13/2014,TSP,$178.08 ,TSP,Retirement,"$6,871.87 ",Expense,,,,
2014,February,2/13/2014,Amazon,$12.49 ,FUN,Personal,"$6,859.38 ",Expense,,,,
2014,February,2/18/2014,MOMs,$5.98 ,Cleaning /Laundry,Clothing,"$6,853.40 ",Expense,,,,
2014,February,2/18/2014,MOMs,$94.31 ,Groceries,Food,"$6,759.09 ",Expense,,,,
2014,February,2/18/2014,BJs,$11.65 ,Toiletries,Personal,"$6,747.44 ",Expense,,,,
2014,February,2/18/2014,Wal Mart,$2.23 ,Groceries,Food,"$6,745.21 ",Expense,,,,
2014,February,2/18/2014,EZ Pass,$25.00 ,Travel,Personal,"$6,720.21 ",Expense,,,,
2014,February,2/19/2014,Wawa,$37.79 ,Gas,Transportation,"$6,682.42 ",Expense,,,,
2014,February,2/19/2014,SMECO,$362.42 ,Electric,Utilities,"$6,320.00 ",Expense,,,,
2014,February,2/20/2014,Valvoline,$76.59 ,Car Maintenance,Transportation,"$6,243.41 ",Expense,,,,
2014,March,2/20/2014,InMotion Hosting,$81.92 ,Work,Work,"$6,161.49 ",Expense,,,,
2014,February,2/20/2014,Geico,$107.19 ,Car Insurance,Transportation,"$6,054.30 ",Expense,,,,
2014,February,2/24/2014,MOMs,$39.71 ,Groceries,Food,"$6,014.59 ",Expense,,,,
2014,February,2/24/2014,World Vision,$60.00 ,Charity,Charity,"$5,954.59 ",Expense,,,,
2014,February,2/24/2014,Sallie Mae,$15.49 ,Joey Sallie Mae,Debts,"$5,939.10 ",Expense,,,,
2014,February,2/24/2014,Sallie Mae,$28.67 ,Joey Sallie Mae,Debts,"$5,910.43 ",Expense,,,,
2014,February,2/24/2014,Sallie Mae,$30.74 ,Joey Sallie Mae,Debts,"$5,879.69 ",Expense,,,,
2014,February,2/24/2014,Sallie Mae,$52.00 ,Joey Sallie Mae,Debts,"$5,827.69 ",Expense,,,,
2014,February,2/24/2014,Sallie Mae,$55.56 ,Joey Sallie Mae,Debts,"$5,772.13 ",Expense,,,,
2014,February,2/25/2014,Walmart,$3.44 ,Cleaning /Laundry,Clothing,"$5,768.69 ",Expense,,,,
2014,February,2/25/2014,Wawa,$39.83 ,Gas,Transportation,"$5,728.86 ",Expense,,,,
2014,February,2/26/2014,Safeway,$5.99 ,Groceries,Food,"$5,722.87 ",Expense,,,,
2014,March,2/27/2014,DFAS,"$3,561.60 ",Joey Income,Gross Income,"$9,284.47 ",Income,,,,
2014,March,2/27/2014,FEGLI,$24.95 ,Life Insurance,Medical,"$9,259.52 ",Expense,,,,
2014,March,2/27/2014,FEHB,$109.34 ,Health Insurance,Medical,"$9,150.18 ",Expense,,,,
2014,March,2/27/2014,OASDI,$214.04 ,Social Security,Taxes,"$8,936.14 ",Expense,,,,
2014,March,2/27/2014,Federal Tax,$88.43 ,Federal Taxes,Taxes,"$8,847.71 ",Expense,,,,
2014,March,2/27/2014,Medicare,$50.06 ,Medicare,Taxes,"$8,797.65 ",Expense,,,,
2014,March,2/27/2014,State Tax,$114.98 ,State Taxes,Taxes,"$8,682.67 ",Expense,,,,
2014,March,2/27/2014,FERS,$28.49 ,FERS,Retirement,"$8,654.18 ",Expense,,,,
2014,March,2/27/2014,TSP,$178.08 ,TSP,Retirement,"$8,476.10 ",Expense,,,,
2014,February,2/27/2014,SMJJA,$50.00 ,Exercise,Recreation,"$8,426.10 ",Expense,,,,
2014,March,2/28/2014,ATM Withdrawl,$40.00 ,Groceries,Food,"$8,386.10 ",Expense,,,,
2014,January,2/28/2014,Jim Gorney,$175.00 ,Legal,Personal,"$8,211.10 ",Expense,,,,
2014,February,2/28/2014,Dividend,$0.24 ,Other Income,Gross Income,"$8,211.34 ",Income,,,,
2014,March,3/3/2014,Safeway,$57.84 ,Gas,Transportation,"$8,153.50 ",Expense,,,,
2014,March,3/3/2014,Panera,$16.72 ,Fun,Personal,"$8,136.78 ",Expense,,,,
2014,March,3/3/2014,MOMs,$9.99 ,Drugs,Medical,"$8,126.79 ",Expense,,,,
2014,March,3/3/2014,MOMs,$9.99 ,Cleaning /Laundry,Clothing,"$8,116.80 ",Expense,,,,
2014,March,3/3/2014,MOMs,$104.46 ,Groceries,Food,"$8,012.34 ",Expense,,,,
2014,March,3/3/2014,BJs,$5.99 ,Cleaning /Laundry,Clothing,"$8,006.35 ",Expense,,,,
2014,March,3/3/2014,BJs,$11.99 ,Toiletries,Personal,"$7,994.36 ",Expense,,,,
2014,March,3/3/2014,BJs,$58.67 ,Groceries,Food,"$7,935.69 ",Expense,,,,
2014,March,3/3/2014,Netflix,$16.46 ,TV,Utilities,"$7,919.23 ",Expense,,,,
2014,March,3/4/2014,Republic Wireless,$23.62 ,Cell Phone,Utilities,"$7,895.61 ",Expense,,,,
2014,March,3/3/2014,Panera,$17.68 ,Fun,Personal,"$7,877.93 ",Expense,,,,
2014,March,3/3/2014,Panera,$4.23 ,Fun,Personal,"$7,873.70 ",Expense,,,,
2014,February,3/3/2014,Wilfred Bellerose,$50.00 ,Other Income,Gross Income,"$7,923.70 ",Income,,,,
2014,February,3/3/2014,Transfer from Savings,$500.00 ,Reimbursables,Gross Income,"$8,423.70 ",Income,,,,
2014,February,3/3/2014,Transfer to Savings,$300.00 ,Savings,Saving,"$8,123.70 ",Expense,,,,
2014,February,3/4/2014,Sallie Mae,$650.16 ,Joey Sallie Mae,Debts,"$7,473.54 ",Expense,,,,
2014,March,3/4/2014,Amazon Video,$7.99 ,Kids Misc.,Personal,"$7,465.55 ",Expense,,,,
2014,March,3/4/2014,Amazon Video,$7.99 ,Kids Misc.,Personal,"$7,457.56 ",Expense,,,,
2014,March,3/5/2014,BJs,$8.98 ,Groceries,Food,"$7,448.58 ",Expense,,,,
2014,March,3/5/2014,BJs,$39.93 ,Gas,Transportation,"$7,408.65 ",Expense,,,,
2014,January,3/5/2014,World Vision,$414.40 ,Charity,Charity,"$6,994.25 ",Expense,,,,
2014,February,3/5/2014,World Vision,$712.32 ,Charity,Charity,"$6,281.93 ",Expense,,,,
2014,March,3/5/2014,World Vision,$504.28 ,Charity,Charity,"$5,777.65 ",Expense,,,,
2014,March,3/6/2014,MOMs,$18.89 ,Groceries,Food,"$5,758.76 ",Expense,,,,
2014,March,3/6/2014,Wal Mart,$25.07 ,Children Clothes,Clothing,"$5,733.69 ",Expense,,,,
2014,March,3/10/2014,World Vision,$400.00 ,Charity,Charity,"$5,333.69 ",Expense,,,,
2014,March,3/10/2014,MOMs,$3.79 ,Cleaning /Laundry,Clothing,"$5,329.90 ",Expense,,,,
2014,March,3/10/2014,MOMs,$85.98 ,Groceries,Food,"$5,243.92 ",Expense,,,,
2014,March,3/10/2014,Amazon,$16.09 ,Supplements,Personal,"$5,227.83 ",Expense,,,,
2014,March,3/10/2014,Amazon,$40.35 ,Groceries,Food,"$5,187.48 ",Expense,,,,
2014,March,3/10/2014,Comcast,$75.43 ,Internet,Utilities,"$5,112.05 ",Expense,,,,
2014,March,3/11/2014,BJs,$27.92 ,Gas,Transportation,"$5,084.13 ",Expense,,,,
2014,March,3/11/2014,BJs,$59.02 ,Groceries,Food,"$5,025.11 ",Expense,,,,
2014,March,3/13/2014,DFAS,"$3,561.60 ",Joey Income,Gross Income,"$8,586.71 ",Income,,,,
2014,March,3/13/2014,FEGLI,$24.95 ,Life Insurance,Medical,"$8,561.76 ",Expense,,,,
2014,March,3/13/2014,FEHB,$109.34 ,Health Insurance,Medical,"$8,452.42 ",Expense,,,,
2014,March,3/13/2014,OASDI,$214.04 ,Social Security,Taxes,"$8,238.38 ",Expense,,,,
2014,March,3/13/2014,Federal Tax,$88.43 ,Federal Taxes,Taxes,"$8,149.95 ",Expense,,,,
2014,March,3/13/2014,Medicare,$50.05 ,Medicare,Taxes,"$8,099.90 ",Expense,,,,
2014,March,3/13/2014,State Tax,$114.98 ,State Taxes,Taxes,"$7,984.92 ",Expense,,,,
2014,March,3/13/2014,FERS,$28.49 ,FERS,Retirement,"$7,956.43 ",Expense,,,,
2014,March,3/13/2014,TSP,$178.08 ,TSP,Retirement,"$7,778.35 ",Expense,,,,
2014,March,3/14/2014,SMECO,$461.75 ,Electric,Utilities,"$7,316.60 ",Expense,,,,
2014,March,3/14/2014,loanDepot,"$1,303.71 ",Mortgage,Housing,"$6,012.89 ",Expense,,,,
2014,March,3/14/2014,loanDepot,$236.68 ,Property Taxes,Housing,"$5,776.21 ",Expense,,,,
2014,March,3/14/2014,loanDepot,$81.34 ,Property Insurance,Housing,"$5,694.87 ",Expense,,,,
2014,March,3/17/2014,Nicks of Clinton,$14.16 ,Dinners,Food,"$5,680.71 ",Expense,,,,
2014,March,3/17/2014,Shell,$39.42 ,Gas,Transportation,"$5,641.29 ",Expense,,,,
2014,March,3/17/2014,Shell,$57.29 ,Gas,Transportation,"$5,584.00 ",Expense,,,,
2014,March,3/17/2014,MOMs,$11.88 ,Dinners,Food,"$5,572.12 ",Expense,,,,
2014,March,3/17/2014,MOMs,$84.71 ,Groceries,Food,"$5,487.41 ",Expense,,,,
2014,March,3/19/2014,Giant,$6.08 ,Fun,Personal,"$5,481.33 ",Expense,,,,
2014,March,3/19/2014,Joan Marquez,$333.00 ,House Supplies,Personal,"$5,148.33 ",Expense,,,,
2014,March,3/19/2014,Joan Marquez,$10.83 ,Children Clothes,Clothing,"$5,137.50 ",Expense,,,,
2014,March,3/20/2014,BJs,$2.99 ,Fun,Personal,"$5,134.51 ",Expense,,,,
2014,March,3/20/2014,Geico,$107.15 ,Car Insurance,Transportation,"$5,027.36 ",Expense,,,,
2014,March,3/24/2014,Shear Heaven,$15.00 ,Misc.,Personal,"$5,012.36 ",Expense,,,,
2014,March,3/24/2014,ATM Withdrawl,$22.50 ,Groceries,Food,"$4,989.86 ",Expense,,,,
2014,March,3/24/2014,ATM Fee,$1.00 ,Groceries,Food,"$4,988.86 ",Expense,,,,
2014,March,3/24/2014,TJ Maxx,$29.66 ,Clothes,Clothing,"$4,959.20 ",Expense,,,,
2014,March,3/20/2014,Panera,$3.07 ,Fun,Personal,"$4,956.13 ",Expense,,,,
2014,March,3/25/2014,World Vision,$60.00 ,Charity,Charity,"$4,896.13 ",Expense,,,,
2014,March,3/24/2014,MOMs,$3.79 ,Cleaning /Laundry,Clothing,"$4,892.34 ",Expense,,,,
2014,March,3/24/2014,MOMs,$86.94 ,Groceries,Food,"$4,805.40 ",Expense,,,,
2014,March,3/25/2014,BJs,$37.41 ,Gas,Transportation,"$4,767.99 ",Expense,,,,
2014,March,3/25/2014,BJs,$9.99 ,Groceries,Food,"$4,758.00 ",Expense,,,,
2014,March,3/24/2014,Sallie Mae,$15.49 ,Joey Sallie Mae,Debts,"$4,742.51 ",Expense,,,,
2014,March,3/24/2014,Sallie Mae,$28.67 ,Joey Sallie Mae,Debts,"$4,713.84 ",Expense,,,,
2014,March,3/24/2014,Sallie Mae,$30.74 ,Joey Sallie Mae,Debts,"$4,683.10 ",Expense,,,,
2014,March,3/24/2014,Sallie Mae,$52.00 ,Joey Sallie Mae,Debts,"$4,631.10 ",Expense,,,,
2014,March,3/24/2014,Sallie Mae,$55.56 ,Joey Sallie Mae,Debts,"$4,575.54 ",Expense,,,,
2014,March,3/26/2014,Sallie Mae,"$2,827.47 ",Joey Sallie Mae,Debts,"$1,748.07 ",Expense,,,,
2014,March,3/27/2014,Transfer to Car,$100.00 ,Car Maintenance,Transportation,"$1,648.07 ",Expense,,,,
2014,March,3/27/2014,Transfer to Gifts,$100.00 ,GIfts,Personal,"$1,548.07 ",Expense,,,,
2014,March,3/27/2014,DFAS,"$3,561.60 ",Joey Income,Gross Income,"$5,109.67 ",Income,,,,
2014,March,3/27/2014,FEGLI,$24.95 ,Life Insurance,Medical,"$5,084.72 ",Expense,,,,
2014,March,3/27/2014,FEHB,$109.34 ,Health Insurance,Medical,"$4,975.38 ",Expense,,,,
2014,March,3/27/2014,OASDI,$214.04 ,Social Security,Taxes,"$4,761.34 ",Expense,,,,
2014,March,3/27/2014,Federal Tax,$88.43 ,Federal Taxes,Taxes,"$4,672.91 ",Expense,,,,
2014,March,3/27/2014,Medicare,$50.06 ,Medicare,Taxes,"$4,622.85 ",Expense,,,,
2014,March,3/27/2014,State Tax,$114.98 ,State Taxes,Taxes,"$4,507.87 ",Expense,,,,
2014,March,3/27/2014,FERS,$28.49 ,FERS,Retirement,"$4,479.38 ",Expense,,,,
2014,March,3/27/2014,TSP,$178.08 ,TSP,Retirement,"$4,301.30 ",Expense,,,,
2014,April,3/31/2014,MOMs,$12.97 ,Misc.,Personal,"$4,288.33 ",Expense,,,,
2014,March,3/31/2014,Safeway,$41.24 ,Gas,Transportation,"$4,247.09 ",Expense,,,,
2014,April,3/31/2014,BJs,$19.06 ,Misc.,Personal,"$4,228.03 ",Expense,,,,
2014,April,3/31/2014,BJs,$6.99 ,Fun,Personal,"$4,221.04 ",Expense,,,,
2014,April,3/31/2014,BJs,$40.75 ,Groceries,Food,"$4,180.29 ",Expense,,,,
2014,March,3/31/2014,SMJJA,$50.00 ,Exercise,Recreation,"$4,130.29 ",Expense,,,,
2014,April,3/31/2014,MOMs,$9.99 ,Drugs,Medical,"$4,120.30 ",Expense,,,,
2014,April,3/31/2014,MOMs,$11.98 ,Toiletries,Personal,"$4,108.32 ",Expense,,,,
2014,April,3/31/2014,MOMs,$5.88 ,FUN,Personal,"$4,102.44 ",Expense,,,,
2014,April,3/31/2014,MOMs,$116.10 ,Groceries,Food,"$3,986.34 ",Expense,,,,
2014,March,3/31/2014,Dividend,$0.23 ,Other Income,Gross Income,"$3,986.57 ",Income,,,,
2014,April,4/2/2014,Netflix,$16.46 ,TV,Utilities,"$3,970.11 ",Expense,,,,
2014,April,4/4/2014,Republic Wireless,$23.63 ,Cell Phone,Utilities,"$3,946.48 ",Expense,,,,
2014,April,4/4/2014,Safeway,$62.22 ,Gas,Transportation,"$3,884.26 ",Expense,,,,
2014,April,4/4/2014,Safeway,$30.29 ,GIfts,Personal,"$3,853.97 ",Expense,,,,
2014,April,4/4/2014,loanDepot,"$1,303.71 ",Mortgage,Housing,"$2,550.26 ",Expense,,,,
2014,April,4/4/2014,loanDepot,$236.68 ,Property Taxes,Housing,"$2,313.58 ",Expense,,,,
2014,April,4/4/2014,loanDepot,$81.34 ,Property Insurance,Housing,"$2,232.24 ",Expense,,,,
2014,April,4/7/2014,Sunoco,$40.37 ,Gas,Transportation,"$2,191.87 ",Expense,,,,
2014,April,4/4/2014,ATM Withdrawl,$40.00 ,Groceries,Food,"$2,151.87 ",Expense,,,,
2014,April,4/7/2014,Giant,$3.99 ,Misc.,Personal,"$2,147.88 ",Expense,,,,
2014,April,4/7/2014,Wawa,$16.38 ,Car Maintenance,Transportation,"$2,131.50 ",Expense,,,,
2014,April,4/7/2014,TJ Maxx,$25.90 ,Clothes,Clothing,"$2,105.60 ",Expense,,,,
2014,April,4/7/2014,TJ Maxx,$23.97 ,Children Clothes,Clothing,"$2,081.63 ",Expense,,,,
2014,April,4/7/2014,TJ Maxx,$7.99 ,Kids Misc.,Personal,"$2,073.64 ",Expense,,,,
2014,April,4/7/2014,TJ Maxx,$10.98 ,Misc.,Personal,"$2,062.66 ",Expense,,,,
2014,April,4/7/2014,MOMs,$29.28 ,Dinners,Food,"$2,033.38 ",Expense,,,,
2014,April,4/7/2014,MOMs,$6.58 ,Fun,Personal,"$2,026.80 ",Expense,,,,
2014,April,4/7/2014,MOMs,$3.79 ,Cleaning /Laundry,Clothing,"$2,023.01 ",Expense,,,,
2014,April,4/7/2014,MOMs,$75.16 ,Groceries,Food,"$1,947.85 ",Expense,,,,
2014,April,4/8/2014,Jessie Clark,$20.00 ,GIfts,Personal,"$1,927.85 ",Expense,,,,
2014,April,4/8/2014,USPS,$17.80 ,Misc.,Personal,"$1,910.05 ",Expense,,,,
2014,April,4/8/2014,Giant,$18.37 ,Fun,Personal,"$1,891.68 ",Expense,,,,
2014,April,4/8/2014,Comcast,$75.43 ,Internet,Utilities,"$1,816.25 ",Expense,,,,
2014,April,4/9/2014,Lowes,$4.73 ,Misc.,Personal,"$1,811.52 ",Expense,,,,
2014,April,4/9/2014,Eric Long,$50.00 ,Car Maintenance,Transportation,"$1,761.52 ",Expense,,,,
2014,April,4/10/2014,DFAS,"$4,161.60 ",Joey Income,Gross Income,"$5,923.12 ",Income,,,,
2014,April,4/10/2014,FEGLI,$24.95 ,Life Insurance,Medical,"$5,898.17 ",Expense,,,,
2014,April,4/10/2014,FEHB,$109.34 ,Health Insurance,Medical,"$5,788.83 ",Expense,,,,
2014,April,4/10/2014,OASDI,$251.24 ,Social Security,Taxes,"$5,537.59 ",Expense,,,,
2014,April,4/10/2014,Federal Tax,$238.43 ,Federal Taxes,Taxes,"$5,299.16 ",Expense,,,,
2014,April,4/10/2014,Medicare,$58.76 ,Medicare,Taxes,"$5,240.40 ",Expense,,,,
2014,April,4/10/2014,State Tax,$167.78 ,State Taxes,Taxes,"$5,072.62 ",Expense,,,,
2014,April,4/10/2014,FERS,$28.49 ,FERS,Retirement,"$5,044.13 ",Expense,,,,
2014,April,4/10/2014,TSP,$178.08 ,TSP,Retirement,"$4,866.05 ",Expense,,,,
2014,March,4/11/2014,Revolution 12 Church,$164.20 ,Charity,Charity,"$4,701.85 ",Expense,,,,
2014,April,4/14/2014,MOMs,$6.66 ,Dinners,Food,"$4,695.19 ",Expense,,,,
2014,April,4/14/2014,MOMs,$5.68 ,Fun,Personal,"$4,689.51 ",Expense,,,,
2014,April,4/14/2014,MOMs,$6.29 ,Toiletries,Personal,"$4,683.22 ",Expense,,,,
2014,April,4/14/2014,MOMs,$5.58 ,Cleaning /Laundry,Clothing,"$4,677.64 ",Expense,,,,
2014,April,4/14/2014,MOMs,$85.34 ,Groceries,Food,"$4,592.30 ",Expense,,,,
2014,April,4/14/2014,Shell,$42.50 ,Gas,Transportation,"$4,549.80 ",Expense,,,,
2014,April,4/14/2014,TJ Maxx,$29.64 ,GIfts,Personal,"$4,520.16 ",Expense,,,,
2014,April,4/14/2014,Bed Bath & Beyond,$8.99 ,GIfts,Personal,"$4,511.17 ",Expense,,,,
2014,April,4/14/2014,Chipotle,$13.50 ,Dinners,Food,"$4,497.67 ",Expense,,,,
2014,April,4/15/2014,Dollar Tree,$2.65 ,GIfts,Personal,"$4,495.02 ",Expense,,,,
2014,April,4/17/2014,Neiman Marcus,$133.56 ,Gifts,Personal,"$4,361.46 ",Expense,,,,
2014,April,4/14/2014,Transfer from Gifts,$133.56 ,Reimbursables,Gross Income,"$4,495.02 ",Income,,,,
2014,January,4/14/2014,Jim Gorney,$175.00 ,Legal,Personal,"$4,320.02 ",Expense,,,,
2014,April,4/15/2014,BJs,$46.79 ,Groceries,Food,"$4,273.23 ",Expense,,,,
2014,April,4/15/2014,SMECO,$356.93 ,Electric,Utilities,"$3,916.30 ",Expense,,,,
2014,April,4/16/2014,Bike Doctor,$24.49 ,Exercise,Recreation,"$3,891.81 ",Expense,,,,
2014,April,4/18/2014,BJs,$55.59 ,Groceries,Food,"$3,836.22 ",Expense,,,,
2014,April,4/18/2014,Comptroller of Maryland,$103.19 ,State Taxes,Taxes,"$3,733.03 ",Expense,,,,
2014,April,4/18/2014,Revolution 12 Church,$310.00 ,Charity,Charity,"$3,423.03 ",Expense,,,,
2014,April,4/21/2014,Fran Renfree,$13.00 ,Other Income,Gross Income,"$3,436.03 ",Income,,,,
2014,April,4/21/2014,Chipotle,$6.75 ,Fun,Personal,"$3,429.28 ",Expense,,,,
2014,April,4/21/2014,BJs,$39.13 ,Gas,Transportation,"$3,390.15 ",Expense,,,,
2014,April,4/21/2014,Lowes,$13.10 ,Maintenance,Housing,"$3,377.05 ",Expense,,,,
2014,April,4/21/2014,MOMs,$42.82 ,Groceries,Food,"$3,334.23 ",Expense,,,,
2014,April,4/21/2014,Geico,$106.64 ,Car Insurance,Transportation,"$3,227.59 ",Expense,,,,
2014,April,4/22/2014,Walmart,$5.48 ,Work,Work,"$3,222.11 ",Expense,,,,
2014,April,4/22/2014,Giant,$17.47 ,Work,Work,"$3,204.64 ",Expense,,,,
2014,April,4/22/2014,Cracker Barrel,$26.25 ,Work,Work,"$3,178.39 ",Expense,,,,
2014,April,4/22/2014,Target,$57.23 ,Work,Work,"$3,121.16 ",Expense,,,,
2014,April,4/22/2014,Walmart,$67.86 ,Work,Work,"$3,053.30 ",Expense,,,,
2014,April,4/23/2014,Qdoba,$26.86 ,Work,Work,"$3,026.44 ",Expense,,,,
2014,April,4/23/2014,Sallie Mae,$15.49 ,Joey Sallie Mae,Debts,"$3,010.95 ",Expense,,,,
2014,April,4/23/2014,Sallie Mae,$28.67 ,Joey Sallie Mae,Debts,"$2,982.28 ",Expense,,,,
2014,April,4/23/2014,Sallie Mae,$30.74 ,Joey Sallie Mae,Debts,"$2,951.54 ",Expense,,,,
2014,April,4/23/2014,Sallie Mae,$52.00 ,Joey Sallie Mae,Debts,"$2,899.54 ",Expense,,,,
2014,April,4/23/2014,Sallie Mae,$55.56 ,Joey Sallie Mae,Debts,"$2,843.98 ",Expense,,,,
2014,April,4/23/2014,Charles County Government,$110.30 ,Water,Utilities,"$2,733.68 ",Expense,,,,
2014,April,4/24/2014,IRS,"$1,886.34 ",Reimbursables,Gross Income,"$4,620.02 ",Income,,,,
2014,April,4/24/2014,DFAS,"$3,561.60 ",Joey Income,Gross Income,"$8,181.62 ",Income,,,,
2014,April,4/24/2014,FEGLI,$24.95 ,Life Insurance,Medical,"$8,156.67 ",Expense,,,,
2014,April,4/24/2014,FEHB,$109.34 ,Health Insurance,Medical,"$8,047.33 ",Expense,,,,
2014,April,4/24/2014,OASDI,$214.04 ,Social Security,Taxes,"$7,833.29 ",Expense,,,,
2014,April,4/24/2014,Federal Tax,$88.43 ,Federal Taxes,Taxes,"$7,744.86 ",Expense,,,,
2014,April,4/24/2014,Medicare,$50.06 ,Medicare,Taxes,"$7,694.80 ",Expense,,,,
2014,April,4/24/2014,State Tax,$114.98 ,State Taxes,Taxes,"$7,579.82 ",Expense,,,,
2014,April,4/24/2014,FERS,$28.49 ,FERS,Retirement,"$7,551.33 ",Expense,,,,
2014,April,4/24/2014,TSP,$178.08 ,TSP,Retirement,"$7,373.25 ",Expense,,,,
2014,April,4/24/2014,Redbox,$1.27 ,Work,Work,"$7,371.98 ",Expense,,,,
2014,April,4/24/2014,Sweet Frog,$11.78 ,Work,Work,"$7,360.20 ",Expense,,,,
2014,April,4/24/2014,Wal Mart,$12.60 ,Work,Work,"$7,347.60 ",Expense,,,,
2014,April,4/24/2014,Staples,$22.57 ,Work,Work,"$7,325.03 ",Expense,,,,
2014,April,4/24/2014,Panera,$26.57 ,Work,Work,"$7,298.46 ",Expense,,,,
2014,April,4/24/2014,World Vision,$60.00 ,Charity,Charity,"$7,238.46 ",Expense,,,,
2014,April,4/25/2014,Wal Mart,$23.80 ,Work,Work,"$7,214.66 ",Expense,,,,
2014,April,4/25/2014,Rack Room Shoes,$31.79 ,Work,Work,"$7,182.87 ",Expense,,,,
2014,April,4/28/2014,SMJJA,$50.00 ,Exercise,Recreation,"$7,132.87 ",Expense,,,,
2014,April,4/28/2014,7 Eleven,$42.38 ,Gas,Transportation,"$7,090.49 ",Expense,,,,
2014,April,4/28/2014,ATM Withdrawl,$40.00 ,Groceries,Food,"$7,050.49 ",Expense,,,,
2014,April,4/28/2014,Wholefoods,$9.51 ,Vacation,Recreation,"$7,040.98 ",Expense,,,,
2014,April,4/28/2014,Wholefoods,$5.42 ,Vacation,Recreation,"$7,035.56 ",Expense,,,,
2014,April,4/28/2014,Carolina Brothers BBQ,$10.27 ,Vacation,Recreation,"$7,025.29 ",Expense,,,,
2014,April,4/28/2014,MOMs,$31.87 ,Groceries,Food,"$6,993.42 ",Expense,,,,
2014,April,4/28/2014,MOMs,$5.99 ,Toiletries,Personal,"$6,987.43 ",Expense,,,,
2014,April,4/28/2014,McDonalds,$3.17 ,Vacation,Recreation,"$6,984.26 ",Expense,,,,
2014,April,4/30/2014,BJs,$39.56 ,Gas,Transportation,"$6,944.70 ",Expense,,,,
2014,May,4/30/2014,BJs,$36.64 ,Groceries,Food,"$6,908.06 ",Expense,,,,
2014,May,4/30/2014,BJs,$14.99 ,Toiletries,Personal,"$6,893.07 ",Expense,,,,
2014,April,4/30/2014,Dividend,$0.18 ,Other Income,Gross Income,"$6,893.25 ",Income,,,,
2014,April,5/1/2014,Comptroller of Maryland,$90.98 ,State Taxes,Taxes,"$6,802.27 ",Expense,,,,
2014,May,5/2/2014,Walmart,$6.94 ,Misc.,Personal,"$6,795.33 ",Expense,,,,
2014,April,5/2/2014,Sallie Mae,$685.16 ,Joey Sallie Mae,Debts,"$6,110.17 ",Expense,,,,
2014,May,5/5/2014,Amazon,$14.99 ,Kids Misc.,Personal,"$6,095.18 ",Expense,,,,
2014,May,5/5/2014,Republic Wireless,$23.63 ,Cell Phone,Utilities,"$6,071.55 ",Expense,,,,
2014,May,5/5/2014,Safeway,$62.49 ,Gas,Transportation,"$6,009.06 ",Expense,,,,
2014,May,5/5/2014,MOMs,$55.44 ,Groceries,Food,"$5,953.62 ",Expense,,,,
2014,May,5/5/2014,MOMs,$12.48 ,Gifts,Personal,"$5,941.14 ",Expense,,,,
2014,May,5/5/2014,MOMs,$5.58 ,Cleaning /Laundry,Clothing,"$5,935.56 ",Expense,,,,
2014,May,5/5/2014,MOMs,$5.79 ,Toiletries,Personal,"$5,929.77 ",Expense,,,,
2014,May,5/5/2014,TJ Maxx,$29.99 ,Clothes,Clothing,"$5,899.78 ",Expense,,,,
2014,May,5/5/2014,TJ Maxx,$29.99 ,Gifts,Personal,"$5,869.79 ",Expense,,,,
2014,May,5/5/2014,TJ Maxx,$20.24 ,Children Clothes,Clothing,"$5,849.55 ",Expense,,,,
2014,May,5/5/2014,TJ Maxx,$12.99 ,Misc.,Personal,"$5,836.56 ",Expense,,,,
2014,May,5/5/2014,TJ Maxx,$16.99 ,Misc.,Personal,"$5,819.57 ",Expense,,,,
2014,May,5/5/2014,BJs,$125.33 ,Gifts,Personal,"$5,694.24 ",Expense,,,,
2014,May,5/5/2014,BJs,$35.98 ,Groceries,Food,"$5,658.26 ",Expense,,,,
2014,May,5/6/2014,BJs,$33.15 ,Gas,Transportation,"$5,625.11 ",Expense,,,,
2014,May,5/7/2014,BJs,$13.28 ,Groceries,Food,"$5,611.83 ",Expense,,,,
2014,May,5/5/2014,Netflix,$16.46 ,TV,Utilities,"$5,595.37 ",Expense,,,,
2014,May,5/8/2014,DFAS,"$3,561.60 ",Joey Income,Gross Income,"$9,156.97 ",Income,,,,
2014,May,5/8/2014,FEGLI,$24.95 ,Life Insurance,Medical,"$9,132.02 ",Expense,,,,
2014,May,5/8/2014,FEHB,$109.34 ,Health Insurance,Medical,"$9,022.68 ",Expense,,,,
2014,May,5/8/2014,OASDI,$214.04 ,Social Security,Taxes,"$8,808.64 ",Expense,,,,
2014,May,5/8/2014,Federal Tax,$88.43 ,Federal Taxes,Taxes,"$8,720.21 ",Expense,,,,
2014,May,5/8/2014,Medicare,$50.05 ,Medicare,Taxes,"$8,670.16 ",Expense,,,,
2014,May,5/8/2014,State Tax,$114.98 ,State Taxes,Taxes,"$8,555.18 ",Expense,,,,
2014,May,5/8/2014,FERS,$28.49 ,FERS,Retirement,"$8,526.69 ",Expense,,,,
2014,May,5/8/2014,TSP,$178.08 ,TSP,Retirement,"$8,348.61 ",Expense,,,,
2014,April,5/8/2014,Transfer to Savings,"$2,276.37 ",Savings,Saving,"$6,072.24 ",Expense,,,,
2014,May,5/8/2014,Comcast,$75.43 ,Internet,Utilities,"$5,996.81 ",Expense,,,,
2014,April,5/12/2014,Halvorsens,$462.32 ,Charity,Charity,"$5,534.49 ",Expense,,,,
2014,May,5/12/2014,BJs,$6.78 ,Groceries,Food,"$5,527.71 ",Expense,,,,
2014,May,5/12/2014,Walmart,$13.99 ,Children Clothes,Clothing,"$5,513.72 ",Expense,,,,
2014,May,5/12/2014,MOMs,$21.99 ,Supplements,Personal,"$5,491.73 ",Expense,,,,
2014,May,5/12/2014,MOMs,$19.98 ,Drugs,Medical,"$5,471.75 ",Expense,,,,
2014,May,5/12/2014,MOMs,$42.97 ,Groceries,Food,"$5,428.78 ",Expense,,,,
2014,May,5/12/2014,BJs,$12.99 ,Dinners,Food,"$5,415.79 ",Expense,,,,
2014,May,5/12/2014,BJs,$54.99 ,Misc.,Personal,"$5,360.80 ",Expense,,,,
2014,May,5/12/2014,BJs,$12.99 ,Toiletries,Personal,"$5,347.81 ",Expense,,,,
2014,May,5/12/2014,BJs,$77.58 ,Groceries,Food,"$5,270.23 ",Expense,,,,
2014,May,5/12/2014,Sallie Mae,$557.71 ,Joey Sallie Mae,Debts,"$4,712.52 ",Expense,,,,
2014,May,5/13/2014,Wawa,$35.86 ,Gas,Transportation,"$4,676.66 ",Expense,,,,
2014,May,5/13/2014,loanDepot,"$1,303.71 ",Mortgage,Housing,"$3,372.95 ",Expense,,,,
2014,May,5/13/2014,loanDepot,$236.68 ,Property Taxes,Housing,"$3,136.27 ",Expense,,,,
2014,May,5/13/2014,loanDepot,$81.34 ,Property Insurance,Housing,"$3,054.93 ",Expense,,,,
2014,May,5/19/2014,TJ Maxx,$14.82 ,Children Clothes,Clothing,"$3,040.11 ",Expense,,,,
2014,May,5/19/2014,MOMs,$63.33 ,Groceries,Food,"$2,976.78 ",Expense,,,,
2014,May,5/19/2014,BJs,$41.44 ,Groceries,Food,"$2,935.34 ",Expense,,,,
2014,May,5/19/2014,Shell,$63.54 ,Gas,Transportation,"$2,871.80 ",Expense,,,,
2014,May,5/19/2014,eDeposit,$19.07 ,Other Income,Gross Income,"$2,890.87 ",Income,,,,
2014,May,5/19/2014,eDeposit,$50.00 ,Other Income,Gross Income,"$2,940.87 ",Income,,,,
2014,May,5/19/2014,eDeposit,$11.30 ,Other Income,Gross Income,"$2,952.17 ",Income,,,,
2014,May,5/19/2014,Front Porch,$107.86 ,Fun,Personal,"$2,844.31 ",Expense,,,,
2014,May,5/19/2014,Shell,$39.58 ,Gas,Transportation,"$2,804.73 ",Expense,,,,
2014,May,5/20/2014,Alfred Angelo Bridal,$189.74 ,Wedding,Personal,"$2,614.99 ",Expense,,,,
2014,May,5/20/2014,SMECO,$230.56 ,Electric,Utilities,"$2,384.43 ",Expense,,,,
2014,May,5/20/2014,Geico,$106.64 ,Car Insurance,Transportation,"$2,277.79 ",Expense,,,,
2014,May,5/22/2014,DFAS,"$3,561.60 ",Joey Income,Gross Income,"$5,839.39 ",Income,,,,
2014,May,5/22/2014,FEGLI,$24.95 ,Life Insurance,Medical,"$5,814.44 ",Expense,,,,
2014,May,5/22/2014,FEHB,$109.34 ,Health Insurance,Medical,"$5,705.10 ",Expense,,,,
2014,May,5/22/2014,OASDI,$214.04 ,Social Security,Taxes,"$5,491.06 ",Expense,,,,
2014,May,5/22/2014,Federal Tax,$88.43 ,Federal Taxes,Taxes,"$5,402.63 ",Expense,,,,
2014,May,5/22/2014,Medicare,$50.06 ,Medicare,Taxes,"$5,352.57 ",Expense,,,,
2014,May,5/22/2014,State Tax,$114.98 ,State Taxes,Taxes,"$5,237.59 ",Expense,,,,
2014,May,5/22/2014,FERS,$28.49 ,FERS,Retirement,"$5,209.10 ",Expense,,,,
2014,May,5/22/2014,TSP,$178.08 ,TSP,Retirement,"$5,031.02 ",Expense,,,,
2014,May,5/22/2014,Sweet Frog,$8.69 ,FUN,Personal,"$5,022.33 ",Expense,,,,
2014,May,5/22/2014,Cliff Bars,$75.32 ,Groceries,Food,"$4,947.01 ",Expense,,,,
2014,May,5/23/2014,BJs,$4.99 ,Groceries,Food,"$4,942.02 ",Expense,,,,
2014,May,5/23/2014,Sallie Mae,$15.49 ,Joey Sallie Mae,Debts,"$4,926.53 ",Expense,,,,
2014,May,5/23/2014,Sallie Mae,$28.66 ,Joey Sallie Mae,Debts,"$4,897.87 ",Expense,,,,
2014,May,5/23/2014,Sallie Mae,$30.74 ,Joey Sallie Mae,Debts,"$4,867.13 ",Expense,,,,
2014,May,5/23/2014,Sallie Mae,$55.55 ,Joey Sallie Mae,Debts,"$4,811.58 ",Expense,,,,
2014,May,5/27/2014,World Vision,$60.00 ,Charity,Charity,"$4,751.58 ",Expense,,,,
2014,May,5/27/2014,TJ Maxx,$20.98 ,Gifts,Personal,"$4,730.60 ",Expense,,,,
2014,May,5/27/2014,TJ Maxx,$12.92 ,Clothes,Clothing,"$4,717.68 ",Expense,,,,
2014,May,5/27/2014,MOMs,$4.47 ,Groceries,Food,"$4,713.21 ",Expense,,,,
2014,May,5/27/2014,Motorola Direct,$185.50 ,Cell Phone,Utilities,"$4,527.71 ",Expense,,,,
2014,May,5/27/2014,Safeway,$11.42 ,Groceries,Food,"$4,516.29 ",Expense,,,,
2014,May,5/27/2014,MOMs,$11.98 ,Toiletries,Personal,"$4,504.31 ",Expense,,,,
2014,May,5/27/2014,MOMs,$2.99 ,Cleaning /Laundry,Clothing,"$4,501.32 ",Expense,,,,
2014,May,5/27/2014,MOMs,$2.98 ,Misc.,Personal,"$4,498.34 ",Expense,,,,
2014,May,5/27/2014,MOMs,$39.79 ,Groceries,Food,"$4,458.55 ",Expense,,,,
2014,May,5/27/2014,Exxon,$42.50 ,Gas,Transportation,"$4,416.05 ",Expense,,,,
2014,May,5/27/2014,BJs,$20.25 ,Dinners,Food,"$4,395.80 ",Expense,,,,
2014,May,5/27/2014,Transfer from Gifts,$77.06 ,Reimbursables,Gross Income,"$4,472.86 ",Income,,,,
2014,May,5/28/2014,Sallie Mae,$300.00 ,Joey Sallie Mae,Debts,"$4,172.86 ",Expense,,,,
2014,May,5/29/2014,SMJJA,$50.00 ,Exercise,Recreation,"$4,122.86 ",Expense,,,,
2014,April,5/28/2014,DFAS,$794.16 ,Other Income,Gross Income,"$4,917.02 ",Income,,,,
2014,April,5/28/2014,Citi Commercial,$394.32 ,Work,Work,"$4,522.70 ",Expense,,,,
2014,May,5/29/2014,Next Step Produce,$28.50 ,Groceries,Food,"$4,494.20 ",Expense,,,,
2014,May,5/30/2014,Apple Spice Junction,$20.00 ,FUN,Personal,"$4,474.20 ",Expense,,,,
2014,May,5/30/2014,Dividend,$0.20 ,Other Income,Gross Income,"$4,474.40 ",Income,,,,
2014,June,6/2/2014,ATM Withdrawl,$20.00 ,Groceries,Food,"$4,454.40 ",Expense,,,,
2014,June,6/2/2014,ATM Withdrawl,$20.00 ,FUN,Personal,"$4,434.40 ",Expense,,,,
2014,June,6/2/2014,MOMs,$10.14 ,Misc.,Personal,"$4,424.26 ",Expense,,,,
2014,June,6/2/2014,Netflix,$16.46 ,TV,Utilities,"$4,407.80 ",Expense,,,,
2014,June,6/2/2014,Wawa,$43.02 ,Gas,Transportation,"$4,364.78 ",Expense,,,,
2014,June,6/2/2014,MOMs,$16.78 ,Misc.,Personal,"$4,348.00 ",Expense,,,,
2014,June,6/2/2014,MOMs,$48.89 ,Groceries,Food,"$4,299.11 ",Expense,,,,
2014,June,6/2/2014,BJs,$15.00 ,Gifts,Personal,"$4,284.11 ",Expense,,,,
2014,June,6/2/2014,BJs,$56.19 ,Groceries,Food,"$4,227.92 ",Expense,,,,
2014,June,6/4/2014,BJs,$5.00 ,Misc.,Personal,"$4,222.92 ",Expense,,,,
2014,June,6/4/2014,BJs,$25.35 ,Groceries,Food,"$4,197.57 ",Expense,,,,
2014,June,6/4/2014,Next Step Produce,$35.85 ,Groceries,Food,"$4,161.72 ",Expense,,,,
2014,June,6/5/2014,DFAS,"$3,561.60 ",Joey Income,Gross Income,"$7,723.32 ",Income,,,,
2014,June,6/5/2014,FEGLI,$24.95 ,Life Insurance,Medical,"$7,698.37 ",Expense,,,,
2014,June,6/5/2014,FEHB,$109.34 ,Health Insurance,Medical,"$7,589.03 ",Expense,,,,
2014,June,6/5/2014,OASDI,$214.04 ,Social Security,Taxes,"$7,374.99 ",Expense,,,,
2014,June,6/5/2014,Federal Tax,$88.43 ,Federal Taxes,Taxes,"$7,286.56 ",Expense,,,,
2014,June,6/5/2014,Medicare,$50.06 ,Medicare,Taxes,"$7,236.50 ",Expense,,,,
2014,June,6/5/2014,State Tax,$114.98 ,State Taxes,Taxes,"$7,121.52 ",Expense,,,,
2014,June,6/5/2014,FERS,$28.49 ,FERS,Retirement,"$7,093.03 ",Expense,,,,
2014,June,6/5/2014,TSP,$178.08 ,TSP,Retirement,"$6,914.95 ",Expense,,,,
2014,June,6/5/2014,Republic Wireless,$23.63 ,Cell Phone,Utilities,"$6,891.32 ",Expense,,,,
2014,May,6/5/2014,Revolution 12 Church,$712.32 ,Charity,Charity,"$6,179.00 ",Expense,,,,
2014,June,6/9/2014,Payless Shoes,$24.37 ,Children Clothes,Clothing,"$6,154.63 ",Expense,,,,
2014,June,6/9/2014,MVA,$36.00 ,License & Taxes,Transportation,"$6,118.63 ",Expense,,,,
2014,June,6/9/2014,Shell,$47.11 ,Gas,Transportation,"$6,071.52 ",Expense,,,,
2014,June,6/9/2014,Citgo,$64.37 ,Gas,Transportation,"$6,007.15 ",Expense,,,,
2014,June,6/9/2014,TJ Maxx,$16.00 ,Children Clothes,Clothing,"$5,991.15 ",Expense,,,,
2014,June,6/9/2014,TJ Maxx,$21.00 ,Gifts,Personal,"$5,970.15 ",Expense,,,,
2014,June,6/9/2014,TJ Maxx,$51.98 ,Clothes,Clothing,"$5,918.17 ",Expense,,,,
2014,June,6/9/2014,MOMs,$14.05 ,FUN,Personal,"$5,904.12 ",Expense,,,,
2014,June,6/9/2014,MOMs,$21.99 ,Supplements,Personal,"$5,882.13 ",Expense,,,,
2014,June,6/9/2014,MOMs,$81.42 ,Groceries,Food,"$5,800.71 ",Expense,,,,
2014,June,6/9/2014,Comcast,$75.43 ,Internet,Utilities,"$5,725.28 ",Expense,,,,
2014,June,6/11/2014,Blue Wind,$25.33 ,Misc.,Personal,"$5,699.95 ",Expense,,,,
2014,June,6/10/2014,loanDepot,"$1,303.71 ",Mortgage,Housing,"$4,396.24 ",Expense,,,,
2014,June,6/10/2014,loanDepot,$236.68 ,Property Taxes,Housing,"$4,159.56 ",Expense,,,,
2014,June,6/10/2014,loanDepot,$81.34 ,Property Insurance,Housing,"$4,078.22 ",Expense,,,,
2014,June,6/12/2014,Next Step Produce,$23.85 ,Groceries,Food,"$4,054.37 ",Expense,,,,
2014,June,6/13/2014,Jen Hooton,$50.00 ,Gifts,Personal,"$4,004.37 ",Expense,,,,
2014,June,6/16/2014,Men's Wearhouse,$20.00 ,Wedding,Personal,"$3,984.37 ",Expense,,,,
2014,June,6/16/2014,Shell,$40.91 ,Gas,Transportation,"$3,943.46 ",Expense,,,,
2014,June,6/16/2014,BJs,$13.99 ,Misc.,Personal,"$3,929.47 ",Expense,,,,
2014,June,6/16/2014,BJs,$11.99 ,Cleaning /Laundry,Clothing,"$3,917.48 ",Expense,,,,
2014,June,6/16/2014,BJs,$5.48 ,Gifts,Personal,"$3,912.00 ",Expense,,,,
2014,June,6/16/2014,BJs,$40.80 ,Groceries,Food,"$3,871.20 ",Expense,,,,
2014,June,6/16/2014,MOMs,$8.87 ,Dinners,Food,"$3,862.33 ",Expense,,,,
2014,June,6/16/2014,MOMs,$5.58 ,Cleaning /Laundry,Clothing,"$3,856.75 ",Expense,,,,
2014,June,6/16/2014,MOMs,$60.50 ,Groceries,Food,"$3,796.25 ",Expense,,,,
2014,June,6/17/2014,Valvoline,$47.39 ,Car Maintenance,Transportation,"$3,748.86 ",Expense,,,,
2014,June,6/17/2014,Shell,$61.58 ,Gas,Transportation,"$3,687.28 ",Expense,,,,
2014,June,6/17/2014,SMECO,$132.77 ,Electric,Utilities,"$3,554.51 ",Expense,,,,
2014,June,6/17/2014,Next Step Produce,$39.90 ,Groceries,Food,"$3,514.61 ",Expense,,,,
2014,June,6/19/2014,DFAS,"$3,561.60 ",Joey Income,Gross Income,"$7,076.21 ",Income,,,,
2014,June,6/19/2014,FEGLI,$24.95 ,Life Insurance,Medical,"$7,051.26 ",Expense,,,,
2014,June,6/19/2014,FEHB,$109.34 ,Health Insurance,Medical,"$6,941.92 ",Expense,,,,
2014,June,6/19/2014,OASDI,$214.04 ,Social Security,Taxes,"$6,727.88 ",Expense,,,,
2014,June,6/19/2014,Federal Tax,$88.43 ,Federal Taxes,Taxes,"$6,639.45 ",Expense,,,,
2014,June,6/19/2014,Medicare,$50.06 ,Medicare,Taxes,"$6,589.39 ",Expense,,,,
2014,June,6/19/2014,State Tax,$114.98 ,State Taxes,Taxes,"$6,474.41 ",Expense,,,,
2014,June,6/19/2014,FERS,$28.49 ,FERS,Retirement,"$6,445.92 ",Expense,,,,
2014,June,6/19/2014,TSP,$178.08 ,TSP,Retirement,"$6,267.84 ",Expense,,,,
2014,June,6/19/2014,Sallie Mae,$765.84 ,Joey Sallie Mae,Debts,"$5,502.00 ",Expense,,,,
2014,June,6/20/2014,Subway,$8.68 ,Misc.,Personal,"$5,493.32 ",Expense,,,,
2014,June,6/20/2014,Geico,$106.64 ,Car Insurance,Transportation,"$5,386.68 ",Expense,,,,
2014,June,6/23/2014,ATM Withdrawl,$12.00 ,Groceries,Food,"$5,374.68 ",Expense,,,,
2014,July,6/23/2014,ATM Withdrawl,$28.00 ,Groceries,Food,"$5,346.68 ",Expense,,,,
2014,June,6/23/2014,MOMs,$4.03 ,FUN,Personal,"$5,342.65 ",Expense,,,,
2014,June,6/23/2014,Wawa,$4.75 ,FUN,Personal,"$5,337.90 ",Expense,,,,
2014,June,6/23/2014,Chipotle,$7.00 ,FUN,Personal,"$5,330.90 ",Expense,,,,
2014,June,6/23/2014,Metro,$11.00 ,FUN,Personal,"$5,319.90 ",Expense,,,,
2014,June,6/23/2014,Metro,$11.00 ,FUN,Personal,"$5,308.90 ",Expense,,,,
2014,June,6/23/2014,Dip N Dots,$12.00 ,FUN,Personal,"$5,296.90 ",Expense,,,,
2014,June,6/23/2014,Chipotle,$14.00 ,FUN,Personal,"$5,282.90 ",Expense,,,,
2014,June,6/23/2014,BJs,$15.99 ,Toiletries,Personal,"$5,266.91 ",Expense,,,,
2014,June,6/23/2014,BJs,$10.94 ,Groceries,Food,"$5,255.97 ",Expense,,,,
2014,June,6/23/2014,Shear Heaven,$27.00 ,Hair Care,Personal,"$5,228.97 ",Expense,,,,
2014,June,6/23/2014,Shell,$43.53 ,Gas,Transportation,"$5,185.44 ",Expense,,,,
2014,June,6/23/2014,Metro Parking,$4.50 ,FUN,Personal,"$5,180.94 ",Expense,,,,
2014,June,6/23/2014,MOMs,$47.05 ,Groceries,Food,"$5,133.89 ",Expense,,,,
2014,June,6/23/2014,Sallie Mae,$15.49 ,Joey Sallie Mae,Debts,"$5,118.40 ",Expense,,,,
2014,June,6/23/2014,Sallie Mae,$28.66 ,Joey Sallie Mae,Debts,"$5,089.74 ",Expense,,,,
2014,June,6/23/2014,Sallie Mae,$30.74 ,Joey Sallie Mae,Debts,"$5,059.00 ",Expense,,,,
2014,June,6/23/2014,Sallie Mae,$55.55 ,Joey Sallie Mae,Debts,"$5,003.45 ",Expense,,,,
2014,June,6/24/2014,Chapala,$13.00 ,Work,Work,"$4,990.45 ",Expense,,,,
2014,June,6/24/2014,Publix,$21.48 ,Work,Work,"$4,968.97 ",Expense,,,,
2014,June,6/24/2014,World Vision,$60.00 ,Charity,Charity,"$4,908.97 ",Expense,,,,
2014,June,6/25/2014,Publix,$5.99 ,Work,Work,"$4,902.98 ",Expense,,,,
2014,June,6/25/2014,Peppers,$10.00 ,Work,Work,"$4,892.98 ",Expense,,,,
2014,June,6/25/2014,Wal Mart,$11.12 ,Work,Work,"$4,881.86 ",Expense,,,,
2014,June,6/25/2014,Babies R Us,$30.72 ,Gifts,Personal,"$4,851.14 ",Expense,,,,
2014,June,6/25/2014,SMJJA,$50.00 ,Exercise,Recreation,"$4,801.14 ",Expense,,,,
2014,June,6/26/2014,Aegean Restaurant,$13.80 ,Work,Work,"$4,787.34 ",Expense,,,,
2014,June,6/26/2014,Next Step Produce,$16.85 ,Groceries,Food,"$4,770.49 ",Expense,,,,
2014,June,6/27/2014,Pediatric Healthcare,$75.47 ,Doctor,Medical,"$4,695.02 ",Expense,,,,
2014,June,6/30/2014,790 on the Gulf,$30.00 ,Work,Work,"$4,665.02 ",Expense,,,,
2014,June,6/30/2014,Korea House,$24.00 ,Work,Work,"$4,641.02 ",Expense,,,,
2014,June,6/30/2014,Einstein Bagel,$5.35 ,Work,Work,"$4,635.67 ",Expense,,,,
2014,June,6/30/2014,Shell,$50.06 ,Gas,Transportation,"$4,585.61 ",Expense,,,,
2014,June,6/30/2014,MOMs,$10.27 ,FUN,Personal,"$4,575.34 ",Expense,,,,
2014,June,6/30/2014,MOMs,$10.59 ,Cleaning /Laundry,Clothing,"$4,564.75 ",Expense,,,,
2014,June,6/30/2014,MOMs,$16.28 ,Groceries,Food,"$4,548.47 ",Expense,,,,
2014,June,6/30/2014,BJs,$5.74 ,Groceries,Food,"$4,542.73 ",Expense,,,,
2014,June,6/30/2014,Giant,$17.09 ,Groceries,Food,"$4,525.64 ",Expense,,,,
2014,June,6/30/2014,Sweet Frog,$11.40 ,FUN,Personal,"$4,514.24 ",Expense,,,,
2014,June,6/30/2014,Dividend,$0.19 ,Other Income,Gross Income,"$4,514.43 ",Income,,,,
2014,July,7/2/2014,Netflix,$16.46 ,TV,Utilities,"$4,497.97 ",Expense,,,,
2014,July,7/7/2014,Republic Wireless,$23.56 ,Cell Phone,Utilities,"$4,474.41 ",Expense,,,,
2014,July,7/2/2014,Citgo,$30.31 ,Gas,Transportation,"$4,444.10 ",Expense,,,,
2014,July,7/2/2014,DFAS,"$3,561.60 ",Joey Income,Gross Income,"$8,005.70 ",Income,,,,
2014,July,7/2/2014,FEGLI,$24.95 ,Life Insurance,Medical,"$7,980.75 ",Expense,,,,
2014,July,7/2/2014,FEHB,$109.34 ,Health Insurance,Medical,"$7,871.41 ",Expense,,,,
2014,July,7/2/2014,OASDI,$214.04 ,Social Security,Taxes,"$7,657.37 ",Expense,,,,
2014,July,7/2/2014,Federal Tax,$88.43 ,Federal Taxes,Taxes,"$7,568.94 ",Expense,,,,
2014,July,7/2/2014,Medicare,$50.06 ,Medicare,Taxes,"$7,518.88 ",Expense,,,,
2014,July,7/2/2014,State Tax,$114.98 ,State Taxes,Taxes,"$7,403.90 ",Expense,,,,
2014,July,7/2/2014,FERS,$28.49 ,FERS,Retirement,"$7,375.41 ",Expense,,,,
2014,July,7/2/2014,TSP,$178.08 ,TSP,Retirement,"$7,197.33 ",Expense,,,,
2014,July,7/2/2014,Sweet Frog,$4.18 ,Fun,Personal,"$7,193.15 ",Expense,,,,
2014,July,7/2/2014,Lowes,$4.72 ,Misc.,Personal,"$7,188.43 ",Expense,,,,
2014,July,7/2/2014,MOMs,$5.86 ,Groceries,Food,"$7,182.57 ",Expense,,,,
2014,July,7/2/2014,Sweet Frog,$6.16 ,Fun,Personal,"$7,176.41 ",Expense,,,,
2014,July,7/2/2014,Safeway,$10.60 ,Groceries,Food,"$7,165.81 ",Expense,,,,
2014,July,7/2/2014,TJ Maxx,$28.60 ,Children Clothes,Clothing,"$7,137.21 ",Expense,,,,
2014,July,7/2/2014,Nicks of Clinton,$30.79 ,Misc.,Personal,"$7,106.42 ",Expense,,,,
2014,July,7/2/2014,Pancho Villa,$41.00 ,Fun,Personal,"$7,065.42 ",Expense,,,,
2014,July,7/2/2014,Valvoline,$74.59 ,Car Maintenance,Transportation,"$6,990.83 ",Expense,,,,
2014,June,7/2/2014,Revolution 12 Church,$712.32 ,Charity,Charity,"$6,278.51 ",Expense,,,,
2014,July,7/2/2014,MOMs,$9.49 ,Misc. Groceries,Food,"$6,269.02 ",Expense,,,,
2014,July,7/2/2014,MOMs,$9.99 ,Drugs,Medical,"$6,259.03 ",Expense,,,,
2014,July,7/2/2014,MOMs,$81.02 ,Groceries,Food,"$6,178.01 ",Expense,,,,
2014,June,7/8/2014,DFAS,$296.70 ,Reimbursables,Gross Income,"$6,474.71 ",Income,,,,
2014,July,7/8/2014,Au Bon Pain,$11.89 ,Work,Work,"$6,462.82 ",Expense,,,,
2014,July,7/8/2014,Moes,$16.08 ,Work,Work,"$6,446.74 ",Expense,,,,
2014,July,7/8/2014,Target,$23.14 ,Work,Work,"$6,423.60 ",Expense,,,,
2014,July,7/8/2014,Comcast,$75.43 ,Internet,Utilities,"$6,348.17 ",Expense,,,,
2014,July,7/9/2014,Safeway,$35.74 ,Gas,Transportation,"$6,312.43 ",Expense,,,,
2014,July,7/10/2014,Nimbus Brewing,$12.15 ,Work,Work,"$6,300.28 ",Expense,,,,
2014,July,7/10/2014,Caf Poca Cosa,$25.00 ,Work,Work,"$6,275.28 ",Expense,,,,
2014,July,7/10/2014,REI,$76.60 ,Work,Work,"$6,198.68 ",Expense,,,,
2014,July,7/10/2014,REI,$37.68 ,Work,Work,"$6,161.00 ",Expense,,,,
2014,July,7/10/2014,Next Step Produce,$50.25 ,Groceries,Food,"$6,110.75 ",Expense,,,,
2014,July,7/11/2014,loanDepot,"$1,303.71 ",Mortgage,Housing,"$4,807.04 ",Expense,,,,
2014,July,7/11/2014,loanDepot,$236.68 ,Property Taxes,Housing,"$4,570.36 ",Expense,,,,
2014,July,7/11/2014,loanDepot,$81.34 ,Property Insurance,Housing,"$4,489.02 ",Expense,,,,
2014,July,7/14/2014,Shell,$59.02 ,Gas,Transportation,"$4,430.00 ",Expense,,,,
2014,July,7/14/2014,ATM Withdrawl,$40.00 ,Groceries,Food,"$4,390.00 ",Expense,,,,
2014,July,7/14/2014,Silver Skewers,$68.04 ,Dinners,Food,"$4,321.96 ",Expense,,,,
2014,July,7/14/2014,Books-A-Million,$10.41 ,Dinners,Food,"$4,311.55 ",Expense,,,,
2014,July,7/14/2014,Redbox,$2.54 ,Dinners,Food,"$4,309.01 ",Expense,,,,
2014,July,7/14/2014,Giant,$10.74 ,Groceries,Food,"$4,298.27 ",Expense,,,,
2014,July,7/14/2014,Giant,$23.75 ,Dinners,Food,"$4,274.52 ",Expense,,,,
2014,July,7/14/2014,Giant,$3.98 ,Misc.,Personal,"$4,270.54 ",Expense,,,,
2014,July,7/14/2014,MOMs,$18.98 ,Misc. Groceries,Food,"$4,251.56 ",Expense,,,,
2014,July,7/14/2014,MOMs,$46.86 ,Groceries,Food,"$4,204.70 ",Expense,,,,
2014,July,7/14/2014,MOMs,$9.99 ,Drugs,Medical,"$4,194.71 ",Expense,,,,
2014,July,7/14/2014,BJs,$14.58 ,Misc. Groceries,Food,"$4,180.13 ",Expense,,,,
2014,July,7/14/2014,BJs,$17.48 ,Groceries,Food,"$4,162.65 ",Expense,,,,
2014,June,7/15/2014,Sallie Mae,$364.73 ,Joey Sallie Mae,Debts,"$3,797.92 ",Expense,,,,
2014,July,7/14/2014,SMECO,$120.74 ,Electric,Utilities,"$3,677.18 ",Expense,,,,
2014,July,7/15/2014,Next Step Produce,$21.25 ,Groceries,Food,"$3,655.93 ",Expense,,,,
2014,July,7/16/2014,Wawa,$42.49 ,Gas,Transportation,"$3,613.44 ",Expense,,,,
2014,July,7/17/2014,Dollar Tree,$14.00 ,Gifts,Personal,"$3,599.44 ",Expense,,,,
2014,July,7/17/2014,Dollar Tree,$9.32 ,Kids Misc.,Personal,"$3,590.12 ",Expense,,,,
2014,July,7/16/2014,Bed Bath & Beyond,$37.08 ,Gifts,Personal,"$3,553.04 ",Expense,,,,
2014,July,7/16/2014,Chipotle,$9.25 ,Fun,Personal,"$3,543.79 ",Expense,,,,
2014,July,7/16/2014,Sallie Mae,$800.00 ,Joey Sallie Mae,Debts,"$2,743.79 ",Expense,,,,
2014,July,7/17/2014,DFAS,$274.40 ,Other Income,Gross Income,"$3,018.19 ",Income,,,,
2014,July,7/17/2014,DFAS,"$3,561.60 ",Joey Income,Gross Income,"$6,579.79 ",Income,,,,
2014,July,7/17/2014,FEGLI,$24.95 ,Life Insurance,Medical,"$6,554.84 ",Expense,,,,
2014,July,7/17/2014,FEHB,$109.34 ,Health Insurance,Medical,"$6,445.50 ",Expense,,,,
2014,July,7/17/2014,OASDI,$214.04 ,Social Security,Taxes,"$6,231.46 ",Expense,,,,
2014,July,7/17/2014,Federal Tax,$88.43 ,Federal Taxes,Taxes,"$6,143.03 ",Expense,,,,
2014,July,7/17/2014,Medicare,$50.05 ,Medicare,Taxes,"$6,092.98 ",Expense,,,,
2014,July,7/17/2014,State Tax,$114.98 ,State Taxes,Taxes,"$5,978.00 ",Expense,,,,
2014,July,7/17/2014,FERS,$28.49 ,FERS,Retirement,"$5,949.51 ",Expense,,,,
2014,July,7/17/2014,TSP,$178.08 ,TSP,Retirement,"$5,771.43 ",Expense,,,,
2014,July,7/21/2014,MOMs,$5.00 ,Fun,Personal,"$5,766.43 ",Expense,,,,
2014,July,7/21/2014,MOMs,$43.28 ,Groceries,Food,"$5,723.15 ",Expense,,,,
2014,July,7/21/2014,Lowes,$9.52 ,Misc.,Personal,"$5,713.63 ",Expense,,,,
2014,July,7/21/2014,Giant,$10.50 ,Groceries,Food,"$5,703.13 ",Expense,,,,
2014,July,7/21/2014,Shell,$3.38 ,Fun,Personal,"$5,699.75 ",Expense,,,,
2014,July,7/21/2014,Ritas,$11.70 ,Fun,Personal,"$5,688.05 ",Expense,,,,
2014,July,7/21/2014,Ritas,$3.17 ,Fun,Personal,"$5,684.88 ",Expense,,,,
2014,July,7/21/2014,Safeway,$5.59 ,Fun,Personal,"$5,679.29 ",Expense,,,,
2014,July,7/21/2014,Safeway,$10.00 ,Fun,Personal,"$5,669.29 ",Expense,,,,
2014,July,7/21/2014,eDeposit,$50.00 ,Other Income,Gross Income,"$5,719.29 ",Income,,,,
2014,July,7/21/2014,Campus Crusade,$100.00 ,Charity,Charity,"$5,619.29 ",Expense,,,,
2014,July,7/21/2014,Geico,$106.64 ,Car Insurance,Transportation,"$5,512.65 ",Expense,,,,
2014,July,7/23/2014,SMJJA,$50.00 ,Exercise,Recreation,"$5,462.65 ",Expense,,,,
2014,July,7/23/2014,Dollar Tree,$6.36 ,Gifts,Personal,"$5,456.29 ",Expense,,,,
2014,July,7/23/2014,BJs,$39.71 ,Gas,Transportation,"$5,416.58 ",Expense,,,,
2014,July,7/23/2014,Sallie Mae,$15.49 ,Joey Sallie Mae,Debts,"$5,401.09 ",Expense,,,,
2014,July,7/23/2014,Sallie Mae,$28.66 ,Joey Sallie Mae,Debts,"$5,372.43 ",Expense,,,,
2014,July,7/23/2014,Sallie Mae,$30.74 ,Joey Sallie Mae,Debts,"$5,341.69 ",Expense,,,,
2014,July,7/23/2014,Sallie Mae,$55.55 ,Joey Sallie Mae,Debts,"$5,286.14 ",Expense,,,,
2014,July,7/24/2014,World Vision,$60.00 ,Charity,Charity,"$5,226.14 ",Expense,,,,
2014,July,7/24/2014,Giant,$11.81 ,Groceries,Food,"$5,214.33 ",Expense,,,,
2014,July,7/24/2014,Giant,$0.99 ,Cleaning /Laundry,Clothing,"$5,213.34 ",Expense,,,,
2014,July,7/24/2014,Giant,$4.13 ,Gifts,Personal,"$5,209.21 ",Expense,,,,
2014,July,7/24/2014,Next Step Produce,$67.20 ,Groceries,Food,"$5,142.01 ",Expense,,,,
2014,July,7/28/2014,Giant,$4.33 ,Groceries,Food,"$5,137.68 ",Expense,,,,
2014,July,7/28/2014,Ritas,$14.60 ,Fun,Personal,"$5,123.08 ",Expense,,,,
2014,July,7/28/2014,Shell,$60.30 ,Gas,Transportation,"$5,062.78 ",Expense,,,,
2014,July,7/28/2014,Topgolf,$38.00 ,Wedding,Personal,"$5,024.78 ",Expense,,,,
2014,July,7/28/2014,Dressbarn,$25.44 ,Clothes,Clothing,"$4,999.34 ",Expense,,,,
2014,July,7/28/2014,MOMs,$44.35 ,Groceries,Food,"$4,954.99 ",Expense,,,,
2014,July,7/28/2014,BJs,$10.99 ,Misc. Groceries,Food,"$4,944.00 ",Expense,,,,
2014,July,7/31/2014,Next Step Produce,$30.55 ,Groceries,Food,"$4,913.45 ",Expense,,,,
2014,July,7/29/2014,Auto Air & Vacuum,$1.50 ,Misc.,Personal,"$4,911.95 ",Expense,,,,
2014,July,7/29/2014,Auto Air & Vacuum,$1.50 ,Misc.,Personal,"$4,910.45 ",Expense,,,,
2014,July,7/29/2014,Shoppers,$2.12 ,Groceries,Food,"$4,908.33 ",Expense,,,,
2014,July,7/29/2014,Giant,$9.44 ,Groceries,Food,"$4,898.89 ",Expense,,,,
2014,July,7/29/2014,Charlie Banana,$69.88 ,Children Clothes,Clothing,"$4,829.01 ",Expense,,,,
2014,July,7/29/2014,Sallie Mae,$309.18 ,Joey Sallie Mae,Debts,"$4,519.83 ",Expense,,,,
2014,August,7/29/2014,Charles County Government,$84.02 ,Water,Utilities,"$4,435.81 ",Expense,,,,
2014,July,7/30/2014,Shell,$35.13 ,Gas,Transportation,"$4,400.68 ",Expense,,,,
2014,July,7/30/2014,Stargazer Caf,$10.76 ,Misc.,Personal,"$4,389.92 ",Expense,,,,
2014,July,7/30/2014,Stargazer Caf,$5.75 ,Misc.,Personal,"$4,384.17 ",Expense,,,,
2014,August,7/31/2014,DFAS,"$3,561.60 ",Joey Income,Gross Income,"$7,945.77 ",Income,,,,
2014,August,7/31/2014,FEGLI,$24.95 ,Life Insurance,Medical,"$7,920.82 ",Expense,,,,
2014,August,7/31/2014,FEHB,$109.34 ,Health Insurance,Medical,"$7,811.48 ",Expense,,,,
2014,August,7/31/2014,OASDI,$214.04 ,Social Security,Taxes,"$7,597.44 ",Expense,,,,
2014,August,7/31/2014,Federal Tax,$88.43 ,Federal Taxes,Taxes,"$7,509.01 ",Expense,,,,
2014,August,7/31/2014,Medicare,$50.06 ,Medicare,Taxes,"$7,458.95 ",Expense,,,,
2014,August,7/31/2014,State Tax,$114.98 ,State Taxes,Taxes,"$7,343.97 ",Expense,,,,
2014,August,7/31/2014,FERS,$28.49 ,FERS,Retirement,"$7,315.48 ",Expense,,,,
2014,August,7/31/2014,TSP,$178.08 ,TSP,Retirement,"$7,137.40 ",Expense,,,,
2014,July,7/31/2014,Dividend,$0.23 ,Other Income,Gross Income,"$7,137.63 ",Income,,,,
2014,August,8/1/2014,Bed Bath & Beyond,$26.49 ,Gifts,Personal,"$7,111.14 ",Expense,,,,
2014,August,8/1/2014,Sallie Mae,$319.81 ,Joey Sallie Mae,Debts,"$6,791.33 ",Expense,,,,
2014,July,8/1/2014,Revolution 12 Church,$712.32 ,Charity,Charity,"$6,079.01 ",Expense,,,,
2014,August,8/4/2014,Netflix,$16.46 ,TV,Utilities,"$6,062.55 ",Expense,,,,
2014,August,8/4/2014,Payless Shoes,$9.54 ,Children Clothes,Clothing,"$6,053.01 ",Expense,,,,
2014,August,8/4/2014,MOMs,$9.49 ,Misc. Groceries,Food,"$6,043.52 ",Expense,,,,
2014,August,8/4/2014,MOMs,$47.52 ,Groceries,Food,"$5,996.00 ",Expense,,,,
2014,August,8/4/2014,MOMs,$9.18 ,Cleaning /Laundry,Clothing,"$5,986.82 ",Expense,,,,
2014,August,8/4/2014,MOMs,$6.29 ,Toiletries,Personal,"$5,980.53 ",Expense,,,,
2014,August,8/4/2014,BJs,$12.79 ,House Supplies,Personal,"$5,967.74 ",Expense,,,,
2014,August,8/4/2014,BJs,$27.80 ,Misc. Groceries,Food,"$5,939.94 ",Expense,,,,
2014,August,8/4/2014,BJs,$31.46 ,Groceries,Food,"$5,908.48 ",Expense,,,,
2014,August,8/4/2014,BJs,$16.66 ,Misc.,Personal,"$5,891.82 ",Expense,,,,
2014,August,8/4/2014,ATM Withdrawl,$40.00 ,Groceries,Food,"$5,851.82 ",Expense,,,,
2014,August,8/4/2014,Giant,$36.76 ,Groceries,Food,"$5,815.06 ",Expense,,,,
2014,August,8/5/2014,Blue Ribbon Auto,$85.92 ,Car Maintenance,Transportation,"$5,729.14 ",Expense,,,,
2014,August,8/4/2014,Republic Wireless,$22.45 ,Cell Phone,Utilities,"$5,706.69 ",Expense,,,,
2014,August,8/5/2014,BJs,$21.92 ,Groceries,Food,"$5,684.77 ",Expense,,,,
2014,August,8/5/2014,BJs,$30.87 ,Gas,Transportation,"$5,653.90 ",Expense,,,,
2014,August,8/6/2014,loanDepot,"$1,303.71 ",Mortgage,Housing,"$4,350.19 ",Expense,,,,
2014,August,8/6/2014,loanDepot,$268.65 ,Property Taxes,Housing,"$4,081.54 ",Expense,,,,
2014,August,8/6/2014,loanDepot,$81.34 ,Property Insurance,Housing,"$4,000.20 ",Expense,,,,
2014,August,8/6/2014,Next Step Produce,$78.75 ,Groceries,Food,"$3,921.45 ",Expense,,,,
2014,August,8/7/2014,BJs,$12.47 ,Dinners,Food,"$3,908.98 ",Expense,,,,
2014,August,8/8/2014,Comcast,$75.43 ,Internet,Utilities,"$3,833.55 ",Expense,,,,
2014,August,8/11/2014,Giant,$2.04 ,Cleaning /Laundry,Clothing,"$3,831.51 ",Expense,,,,
2014,August,8/11/2014,MOMs,$6.06 ,FUN,Personal,"$3,825.45 ",Expense,,,,
2014,August,8/11/2014,Jamba Juice,$7.02 ,Work,Work,"$3,818.43 ",Expense,,,,
2014,August,8/11/2014,Giant,$9.44 ,Groceries,Food,"$3,808.99 ",Expense,,,,
2014,August,8/11/2014,Peppers,$10.00 ,Work,Work,"$3,798.99 ",Expense,,,,
2014,August,8/11/2014,Wal Mart,$7.93 ,Children Clothes,Clothing,"$3,791.06 ",Expense,,,,
2014,August,8/11/2014,Wal Mart,$10.00 ,Kids Misc.,Personal,"$3,781.06 ",Expense,,,,
2014,August,8/11/2014,Ritas,$18.30 ,FUN,Personal,"$3,762.76 ",Expense,,,,
2014,August,8/11/2014,Publix,$22.51 ,Work,Work,"$3,740.25 ",Expense,,,,
2014,August,8/11/2014,Safeway,$57.51 ,Gas,Transportation,"$3,682.74 ",Expense,,,,
2014,August,8/11/2014,MOMs,$21.65 ,Dinners,Food,"$3,661.09 ",Expense,,,,
2014,August,8/11/2014,MOMs,$9.99 ,Misc. Groceries,Food,"$3,651.10 ",Expense,,,,
2014,August,8/11/2014,MOMs,$37.46 ,Groceries,Food,"$3,613.64 ",Expense,,,,
2014,August,8/12/2014,Safeway,$3.17 ,Work,Work,"$3,610.47 ",Expense,,,,
2014,August,8/12/2014,Thai Saree,$9.00 ,Work,Work,"$3,601.47 ",Expense,,,,
2014,August,8/12/2014,Safeway,$31.44 ,Gas,Transportation,"$3,570.03 ",Expense,,,,
2014,August,8/13/2014,Tropical Smoothie,$5.50 ,Work,Work,"$3,564.53 ",Expense,,,,
2014,August,8/13/2014,Dippin Dots,$5.83 ,Work,Work,"$3,558.70 ",Expense,,,,
2014,August,8/13/2014,Peppers,$7.00 ,Work,Work,"$3,551.70 ",Expense,,,,
2014,August,8/13/2014,Aegean Restaurant,$15.00 ,Work,Work,"$3,536.70 ",Expense,,,,
2014,August,8/13/2014,Okki Dokki Restaurant,$18.00 ,Work,Work,"$3,518.70 ",Expense,,,,
2014,August,8/14/2014,DFAS,"$3,561.60 ",Joey Income,Gross Income,"$7,080.30 ",Income,,,,
2014,August,8/14/2014,FEGLI,$24.95 ,Life Insurance,Medical,"$7,055.35 ",Expense,,,,
2014,August,8/14/2014,FEHB,$109.34 ,Health Insurance,Medical,"$6,946.01 ",Expense,,,,
2014,August,8/14/2014,OASDI,$214.04 ,Social Security,Taxes,"$6,731.97 ",Expense,,,,
2014,August,8/14/2014,Federal Tax,$88.43 ,Federal Taxes,Taxes,"$6,643.54 ",Expense,,,,
2014,August,8/14/2014,Medicare,$50.06 ,Medicare,Taxes,"$6,593.48 ",Expense,,,,
2014,August,8/14/2014,State Tax,$114.98 ,State Taxes,Taxes,"$6,478.50 ",Expense,,,,
2014,August,8/14/2014,FERS,$28.49 ,FERS,Retirement,"$6,450.01 ",Expense,,,,
2014,August,8/14/2014,TSP,$178.08 ,TSP,Retirement,"$6,271.93 ",Expense,,,,
2014,August,8/14/2014,Tropical Smoothie,$5.50 ,Work,Work,"$6,266.43 ",Expense,,,,
2014,August,8/14/2014,Next Step Produce,$28.10 ,Groceries,Food,"$6,238.33 ",Expense,,,,
2014,August,8/14/2014,Sunsations,$23.31 ,Work,Work,"$6,215.02 ",Expense,,,,
2014,August,8/15/2014,Bippys by the Beach,$4.73 ,Work,Work,"$6,210.29 ",Expense,,,,
2014,August,8/15/2014,Fusion Bistro,$10.00 ,Work,Work,"$6,200.29 ",Expense,,,,
2014,August,8/15/2014,Fusion Bistro,$10.12 ,Work,Work,"$6,190.17 ",Expense,,,,
2014,August,8/15/2014,Korea House,$20.00 ,Work,Work,"$6,170.17 ",Expense,,,,
2014,August,8/15/2014,Kohls,$46.99 ,Clothes,Clothing,"$6,123.18 ",Expense,,,,
2014,August,8/18/2014,Charming Charlie,$15.90 ,Clothes,Clothing,"$6,107.28 ",Expense,,,,
2014,August,8/18/2014,BJs,$10.88 ,Dinners,Food,"$6,096.40 ",Expense,,,,
2014,August,8/18/2014,BJs,$14.99 ,House Supplies,Personal,"$6,081.41 ",Expense,,,,
2014,August,8/18/2014,MOMs,$9.99 ,Drugs,Medical,"$6,071.42 ",Expense,,,,
2014,August,8/18/2014,MOMs,$5.16 ,Cleaning /Laundry,Clothing,"$6,066.26 ",Expense,,,,
2014,August,8/18/2014,MOMs,$11.77 ,Toiletries,Personal,"$6,054.49 ",Expense,,,,
2014,August,8/18/2014,MOMs,$20.57 ,Groceries,Food,"$6,033.92 ",Expense,,,,
2014,August,8/18/2014,Giant,$16.77 ,Groceries,Food,"$6,017.15 ",Expense,,,,
2014,August,8/22/2014,Next Step Produce,$90.25 ,Groceries,Food,"$5,926.90 ",Expense,,,,
2014,August,8/19/2014,Sallie Mae,"$2,600.00 ",Joey Sallie Mae,Debts,"$3,326.90 ",Expense,,,,
2014,August,8/20/2014,SMECO,$149.00 ,Electric,Utilities,"$3,177.90 ",Expense,,,,
2014,August,8/20/2014,Campus Crusade,$100.00 ,Charity,Charity,"$3,077.90 ",Expense,,,,
2014,August,8/20/2014,Geico,$106.64 ,Car Insurance,Transportation,"$2,971.26 ",Expense,,,,
2014,August,8/22/2014,Lefteris Gyro,$19.10 ,Wedding,Personal,"$2,952.16 ",Expense,,,,
2014,August,8/22/2014,Safeway,$33.91 ,Wedding,Personal,"$2,918.25 ",Expense,,,,
2014,August,8/22/2014,Safeway,$39.34 ,Gas,Transportation,"$2,878.91 ",Expense,,,,
2014,August,8/22/2014,Kykuit,$50.00 ,Wedding,Personal,"$2,828.91 ",Expense,,,,
2014,August,8/25/2014,DFAS,$277.66 ,Other Income,Gross Income,"$3,106.57 ",Income,,,,
2014,August,8/25/2014,ATM Fee,$1.00 ,Wedding,Personal,"$3,105.57 ",Expense,,,,
2014,August,8/25/2014,ATM Fee,$1.00 ,Wedding,Personal,"$3,104.57 ",Expense,,,,
2014,August,8/25/2014,ATM Withdrawl,$42.00 ,Wedding,Personal,"$3,062.57 ",Expense,,,,
2014,August,8/25/2014,ATM Withdrawl,$42.00 ,Wedding,Personal,"$3,020.57 ",Expense,,,,
2014,August,8/25/2014,CVS,$2.86 ,Wedding,Personal,"$3,017.71 ",Expense,,,,
2014,August,8/25/2014,7 Eleven,$7.03 ,Wedding,Personal,"$3,010.68 ",Expense,,,,
2014,August,8/25/2014,CVS,$7.79 ,Drugs,Medical,"$3,002.89 ",Expense,,,,
2014,August,8/25/2014,Lyndhurst,$18.00 ,Wedding,Personal,"$2,984.89 ",Expense,,,,
2014,August,8/25/2014,Eldorado,$31.30 ,Wedding,Personal,"$2,953.59 ",Expense,,,,
2014,August,8/25/2014,Sweet Grass,$44.04 ,Wedding,Personal,"$2,909.55 ",Expense,,,,
2014,August,8/25/2014,SMJJA,$50.00 ,Exercise,Recreation,"$2,859.55 ",Expense,,,,
2014,August,8/25/2014,World Vision,$60.00 ,Charity,Charity,"$2,799.55 ",Expense,,,,
2014,August,8/25/2014,Mens Wearhouse,$220.77 ,Wedding,Personal,"$2,578.78 ",Expense,,,,
2014,August,8/25/2014,Sallie Mae,$15.49 ,Joey Sallie Mae,Debts,"$2,563.29 ",Expense,,,,
2014,August,8/25/2014,Sallie Mae,$30.74 ,Joey Sallie Mae,Debts,"$2,532.55 ",Expense,,,,
2014,September,8/25/2014,Sallie Mae,$55.55 ,Joey Sallie Mae,Debts,"$2,477.00 ",Expense,,,,
2014,August,8/26/2014,EZ Pass,$25.00 ,Wedding,Personal,"$2,452.00 ",Expense,,,,
2014,August,8/27/2014,Doubletree Hotel,$13.96 ,Wedding,Personal,"$2,438.04 ",Expense,,,,
2014,August,8/26/2014,Hess,$39.61 ,Gas,Transportation,"$2,398.43 ",Expense,,,,
2014,August,8/27/2014,Earl of Sandwich,$18.63 ,Wedding,Personal,"$2,379.80 ",Expense,,,,
2014,August,8/27/2014,Wendys,$2.64 ,Wedding,Personal,"$2,377.16 ",Expense,,,,
2014,August,8/26/2014,Giant,$14.63 ,Groceries,Food,"$2,362.53 ",Expense,,,,
2014,August,8/26/2014,Giant,$31.70 ,Gas,Transportation,"$2,330.83 ",Expense,,,,
2014,August,9/3/2014,Eric Long,$237.37 ,Wedding,Personal,"$2,093.46 ",Expense,,,,
2014,August,8/29/2014,Chris Chicca,$50.00 ,Gifts,Personal,"$2,043.46 ",Expense,,,,
2014,August,8/29/2014,Safeway,$56.21 ,Gas,Transportation,"$1,987.25 ",Expense,,,,
2014,August,8/29/2014,Safeway,$3.59 ,Groceries,Food,"$1,983.66 ",Expense,,,,
2014,August,8/29/2014,EZ Pass,$25.00 ,Wedding,Personal,"$1,958.66 ",Expense,,,,
2014,August,8/29/2014,Giant,$24.19 ,Groceries,Food,"$1,934.47 ",Expense,,,,
2014,August,8/28/2014,DFAS,"$3,561.60 ",Joey Income,Gross Income,"$5,496.07 ",Income,,,,
2014,August,8/28/2014,FEGLI,$24.95 ,Life Insurance,Medical,"$5,471.12 ",Expense,,,,
2014,August,8/28/2014,FEHB,$109.34 ,Health Insurance,Medical,"$5,361.78 ",Expense,,,,
2014,August,8/28/2014,OASDI,$214.04 ,Social Security,Taxes,"$5,147.74 ",Expense,,,,
2014,August,8/28/2014,Federal Tax,$88.43 ,Federal Taxes,Taxes,"$5,059.31 ",Expense,,,,
2014,August,8/28/2014,Medicare,$50.06 ,Medicare,Taxes,"$5,009.25 ",Expense,,,,
2014,August,8/28/2014,State Tax,$114.98 ,State Taxes,Taxes,"$4,894.27 ",Expense,,,,
2014,August,8/28/2014,FERS,$28.49 ,FERS,Retirement,"$4,865.78 ",Expense,,,,
2014,August,8/28/2014,TSP,$178.08 ,TSP,Retirement,"$4,687.70 ",Expense,,,,
2014,August,8/29/2014,Main Street Sweets,$8.64 ,Wedding,Personal,"$4,679.06 ",Expense,,,,
2014,August,8/29/2014,Dividend,$0.19 ,Other Income,Gross Income,"$4,679.25 ",Income,,,,
2014,August,9/2/2014,Amazon,$187.68 ,Maintenance,Housing,"$4,491.57 ",Expense,,,,
2014,September,9/2/2014,TJ Maxx,$12.99 ,Groceries,Food,"$4,478.58 ",Expense,,,,
2014,September,9/2/2014,TJ Maxx,$15.00 ,Clothes,Clothing,"$4,463.58 ",Expense,,,,
2014,September,9/2/2014,TJ Maxx,$12.00 ,Gifts,Personal,"$4,451.58 ",Expense,,,,
2014,September,9/2/2014,TJ Maxx,$13.99 ,Children Clothes,Clothing,"$4,437.59 ",Expense,,,,
2014,September,9/2/2014,TJ Maxx,$24.68 ,Misc.,Personal,"$4,412.91 ",Expense,,,,
2014,September,9/2/2014,MOMs,$2.98 ,Groceries,Food,"$4,409.93 ",Expense,,,,
2014,September,9/2/2014,MOMs,$9.99 ,Misc. Groceries,Food,"$4,399.94 ",Expense,,,,
2014,September,9/2/2014,MOMs,$6.89 ,Toiletries,Personal,"$4,393.05 ",Expense,,,,
2014,September,9/2/2014,MOMs,$89.67 ,Groceries,Food,"$4,303.38 ",Expense,,,,
2014,September,9/2/2014,BJs,$52.96 ,Misc. Groceries,Food,"$4,250.42 ",Expense,,,,
2014,September,9/2/2014,BJs,$5.99 ,Cleaning /Laundry,Clothing,"$4,244.43 ",Expense,,,,
2014,September,9/2/2014,BJs,$17.98 ,Toiletries,Personal,"$4,226.45 ",Expense,,,,
2014,September,9/2/2014,BJs,$30.04 ,Groceries,Food,"$4,196.41 ",Expense,,,,
2014,September,9/2/2014,Ritas,$16.46 ,FUN,Personal,"$4,179.95 ",Expense,,,,
2014,September,9/2/2014,Chipotle,$22.00 ,Dinners,Food,"$4,157.95 ",Expense,,,,
2014,September,9/2/2014,Giant,$9.98 ,Groceries,Food,"$4,147.97 ",Expense,,,,
2014,September,9/2/2014,Netflix,$16.46 ,TV,Utilities,"$4,131.51 ",Expense,,,,
2014,August,9/2/2014,Transfer from Savings,$187.68 ,Reimbursables,Gross Income,"$4,319.19 ",Income,,,,
2014,September,9/3/2014,Next Step Produce,$95.00 ,Groceries,Food,"$4,224.19 ",Expense,,,,
2014,September,9/4/2014,Republic Wireless,$22.57 ,Cell Phone,Utilities,"$4,201.62 ",Expense,,,,
2014,September,9/4/2014,Wawa,$36.39 ,Gas,Transportation,"$4,165.23 ",Expense,,,,
2014,September,9/8/2014,Amazon,$36.96 ,Groceries,Food,"$4,128.27 ",Expense,,,,
2014,September,9/8/2014,ATM Fee,$1.00 ,Dinners,Food,"$4,127.27 ",Expense,,,,
2014,September,9/8/2014,ATM Withdrawl,$43.00 ,Dinners,Food,"$4,084.27 ",Expense,,,,
2014,September,9/8/2014,MOMs,$2.98 ,Groceries,Food,"$4,081.29 ",Expense,,,,
2014,September,9/8/2014,Chipotle,$7.25 ,FUN,Personal,"$4,074.04 ",Expense,,,,
2014,September,9/8/2014,Giant,$9.44 ,Groceries,Food,"$4,064.60 ",Expense,,,,
2014,September,9/8/2014,Chick-Fil-A,$16.41 ,FUN,Personal,"$4,048.19 ",Expense,,,,
2014,September,9/8/2014,Giant,$53.16 ,Gas,Transportation,"$3,995.03 ",Expense,,,,
2014,September,9/8/2014,BJs,$25.26 ,Groceries,Food,"$3,969.77 ",Expense,,,,
2014,September,9/8/2014,BJs,$14.13 ,Maintenance,Housing,"$3,955.64 ",Expense,,,,
2014,September,9/8/2014,MOMs,$63.09 ,Groceries,Food,"$3,892.55 ",Expense,,,,
2014,September,9/8/2014,Lowes,$63.65 ,Maintenance,Housing,"$3,828.90 ",Expense,,,,
2014,September,9/8/2014,Comcast,$75.43 ,Internet,Utilities,"$3,753.47 ",Expense,,,,
2014,September,9/8/2014,loanDepot,"$1,303.71 ",Mortgage,Housing,"$2,449.76 ",Expense,,,,
2014,September,9/8/2014,loanDepot,$236.68 ,Property Taxes,Housing,"$2,213.08 ",Expense,,,,
2014,September,9/8/2014,loanDepot,$81.34 ,Property Insurance,Housing,"$2,131.74 ",Expense,,,,
2014,August,9/8/2014,Revolution 12 Church,"$1,068.48 ",Charity,Charity,"$1,063.26 ",Expense,,,,
2014,September,9/9/2014,McDonalds,$3.28 ,Work,Work,"$1,059.98 ",Expense,,,,
2014,September,9/9/2014,Wal Mart,$10.72 ,Work,Work,"$1,049.26 ",Expense,,,,
2014,September,9/9/2014,Publix,$13.42 ,Work,Work,"$1,035.84 ",Expense,,,,
2014,October,9/9/2014,6PM.COM,$15.00 ,Wedding,Personal,"$1,020.84 ",Expense,,,,
2014,September,9/10/2014,Aegean Restaurant,$12.55 ,Work,Work,"$1,008.29 ",Expense,,,,
2014,September,9/10/2014,Korea House,$21.16 ,Work,Work,$987.13 ,Expense,,,,
2014,September,9/11/2014,DFAS,"$3,561.60 ",Joey Income,Gross Income,"$4,548.73 ",Income,,,,
2014,September,9/11/2014,FEGLI,$24.95 ,Life Insurance,Medical,"$4,523.78 ",Expense,,,,
2014,September,9/11/2014,FEHB,$109.34 ,Health Insurance,Medical,"$4,414.44 ",Expense,,,,
2014,September,9/11/2014,OASDI,$214.04 ,Social Security,Taxes,"$4,200.40 ",Expense,,,,
2014,September,9/11/2014,Federal Tax,$88.43 ,Federal Taxes,Taxes,"$4,111.97 ",Expense,,,,
2014,September,9/11/2014,Medicare,$50.05 ,Medicare,Taxes,"$4,061.92 ",Expense,,,,
2014,September,9/11/2014,State Tax,$114.98 ,State Taxes,Taxes,"$3,946.94 ",Expense,,,,
2014,September,9/11/2014,FERS,$28.49 ,FERS,Retirement,"$3,918.45 ",Expense,,,,
2014,September,9/11/2014,TSP,$178.08 ,TSP,Retirement,"$3,740.37 ",Expense,,,,
2014,September,9/11/2014,The Breeze,$6.50 ,Work,Work,"$3,733.87 ",Expense,,,,
2014,September,9/11/2014,The Breeze,$2.75 ,Work,Work,"$3,731.12 ",Expense,,,,
2014,September,9/11/2014,Aegean Restaurant,$20.10 ,Work,Work,"$3,711.02 ",Expense,,,,
2014,September,9/12/2014,ATM Withdrawl,$40.00 ,Groceries,Food,"$3,671.02 ",Expense,,,,
2014,September,9/12/2014,Bippys by the Beach,$5.09 ,Work,Work,"$3,665.93 ",Expense,,,,
2014,September,9/12/2014,The Breeze,$7.75 ,Work,Work,"$3,658.18 ",Expense,,,,
2014,September,9/12/2014,Republic Wireless,$12.41 ,Work,Work,"$3,645.77 ",Expense,,,,
2014,September,9/12/2014,Aegean Restaurant,$23.00 ,Work,Work,"$3,622.77 ",Expense,,,,
2014,September,9/15/2014,Sweet Frog,$9.68 ,Work,Work,"$3,613.09 ",Expense,,,,
2014,September,9/15/2014,Korea House,$12.00 ,Work,Work,"$3,601.09 ",Expense,,,,
2014,September,9/15/2014,Bippys by the Beach,$6.65 ,Work,Work,"$3,594.44 ",Expense,,,,
2014,September,9/15/2014,MOMs,$2.88 ,Groceries,Food,"$3,591.56 ",Expense,,,,
2014,September,9/15/2014,MOMs,$82.59 ,Groceries,Food,"$3,508.97 ",Expense,,,,
2014,September,9/15/2014,BJs,$45.55 ,Misc.,Personal,"$3,463.42 ",Expense,,,,
2014,September,9/15/2014,BJs,$33.96 ,Groceries,Food,"$3,429.46 ",Expense,,,,
2014,September,9/15/2014,EZ Pass,$25.00 ,Travel,Personal,"$3,404.46 ",Expense,,,,
2014,September,9/15/2014,Sunoco,$33.74 ,Gas,Transportation,"$3,370.72 ",Expense,,,,
2014,September,9/16/2014,SMECO,$133.21 ,Electric,Utilities,"$3,237.51 ",Expense,,,,
2014,September,9/17/2014,Next Step Produce,$5.60 ,Groceries,Food,"$3,231.91 ",Expense,,,,
2014,September,9/19/2014,DFAS,$277.66 ,Other Income,Gross Income,"$3,509.57 ",Income,,,,
2014,September,9/19/2014,Wawa,$37.75 ,Gas,Transportation,"$3,471.82 ",Expense,,,,
2014,September,9/19/2014,Safeway,$10.60 ,Groceries,Food,"$3,461.22 ",Expense,,,,
2014,September,9/22/2014,MOMs,$10.00 ,Cleaning /Laundry,Clothing,"$3,451.22 ",Expense,,,,
2014,September,9/22/2014,MOMs,$8.10 ,Groceries,Food,"$3,443.12 ",Expense,,,,
2014,September,9/22/2014,Wawa,$54.35 ,Gas,Transportation,"$3,388.77 ",Expense,,,,
2014,September,9/22/2014,BJs,$35.95 ,Groceries,Food,"$3,352.82 ",Expense,,,,
2014,September,9/22/2014,Transfer from Savings,$500.00 ,Reimbursables,Gross Income,"$3,852.82 ",Income,,,,
2014,September,9/22/2014,Campus Crusade,$100.00 ,Charity,Charity,"$3,752.82 ",Expense,,,,
2014,September,9/22/2014,Geico,$106.60 ,Car Insurance,Transportation,"$3,646.22 ",Expense,,,,
2014,October,9/24/2014,Amazon,$35.97 ,Wedding,Personal,"$3,610.25 ",Expense,,,,
2014,September,9/23/2014,Giant,$9.01 ,Groceries,Food,"$3,601.24 ",Expense,,,,
2014,September,9/23/2014,Giant,$0.08 ,Groceries,Food,"$3,601.16 ",Expense,,,,
2014,September,9/24/2014,SMJJA,$50.00 ,Exercise,Recreation,"$3,551.16 ",Expense,,,,
2014,September,9/24/2014,World Vision,$60.00 ,Charity,Charity,"$3,491.16 ",Expense,,,,
2014,September,9/23/2014,Sallie Mae,$15.49 ,Joey Sallie Mae,Debts,"$3,475.67 ",Expense,,,,
2014,September,9/23/2014,Sallie Mae,$30.74 ,Joey Sallie Mae,Debts,"$3,444.93 ",Expense,,,,
2014,September,9/23/2014,Sallie Mae,$55.55 ,Joey Sallie Mae,Debts,"$3,389.38 ",Expense,,,,
2014,September,9/23/2014,Joyce Hooten,$7.00 ,Misc.,Personal,"$3,382.38 ",Expense,,,,
2014,September,9/25/2014,DFAS,"$3,561.60 ",Joey Income,Gross Income,"$6,943.98 ",Income,,,,
2014,September,9/25/2014,FEGLI,$24.95 ,Life Insurance,Medical,"$6,919.03 ",Expense,,,,
2014,September,9/25/2014,FEHB,$109.34 ,Health Insurance,Medical,"$6,809.69 ",Expense,,,,
2014,September,9/25/2014,OASDI,$214.04 ,Social Security,Taxes,"$6,595.65 ",Expense,,,,
2014,September,9/25/2014,Federal Tax,$88.43 ,Federal Taxes,Taxes,"$6,507.22 ",Expense,,,,
2014,September,9/25/2014,Medicare,$50.06 ,Medicare,Taxes,"$6,457.16 ",Expense,,,,
2014,September,9/25/2014,State Tax,$114.98 ,State Taxes,Taxes,"$6,342.18 ",Expense,,,,
2014,September,9/25/2014,FERS,$28.49 ,FERS,Retirement,"$6,313.69 ",Expense,,,,
2014,September,9/25/2014,TSP,$178.08 ,TSP,Retirement,"$6,135.61 ",Expense,,,,
2014,September,9/25/2014,Wawa,$34.82 ,Gas,Transportation,"$6,100.79 ",Expense,,,,
2014,September,9/25/2014,Sallie Mae,"$1,110.29 ",Joey Sallie Mae,Debts,"$4,990.50 ",Expense,,,,
2014,September,9/29/2014,Sports Authority,$21.19 ,Misc.,Personal,"$4,969.31 ",Expense,,,,
2014,September,9/29/2014,MOMs,$36.35 ,Groceries,Food,"$4,932.96 ",Expense,,,,
2014,September,9/29/2014,BJs,$6.99 ,Groceries,Food,"$4,925.97 ",Expense,,,,
2014,September,9/29/2014,Lowes,$4.33 ,Misc.,Personal,"$4,921.64 ",Expense,,,,
2014,September,9/29/2014,Varuna Salon,$101.00 ,Wedding,Personal,"$4,820.64 ",Expense,,,,
2014,October,9/29/2014,Varuna Salon,$14.00 ,Wedding,Personal,"$4,806.64 ",Expense,,,,
2014,October,9/29/2014,Melting Pot,$9.72 ,Wedding,Personal,"$4,796.92 ",Expense,,,,
2014,October,9/29/2014,Melting Pot,$48.68 ,Wedding,Personal,"$4,748.24 ",Expense,,,,
2014,September,9/29/2014,Revolution 12 Church,$712.32 ,Charity,Charity,"$4,035.92 ",Expense,,,,
2014,September,9/30/2014,Giant,$9.01 ,Groceries,Food,"$4,026.91 ",Expense,,,,
2014,September,9/30/2014,Dividend,$0.15 ,Other Income,Gross Income,"$4,027.06 ",Income,,,,
2014,October,10/2/2014,Amazon,$36.33 ,Groceries,Food,"$3,990.73 ",Expense,,,,
2014,October,10/2/2014,Amazon,$33.99 ,Groceries,Food,"$3,956.74 ",Expense,,,,
2014,October,10/2/2014,Amazon,$34.24 ,Groceries,Food,"$3,922.50 ",Expense,,,,
2014,September,10/1/2014,Next Step Produce,$22.50 ,Groceries,Food,"$3,900.00 ",Expense,,,,
2014,October,10/2/2014,Wawa,$36.15 ,Gas,Transportation,"$3,863.85 ",Expense,,,,
2014,October,10/2/2014,Netflix,$16.46 ,TV,Utilities,"$3,847.39 ",Expense,,,,
2014,October,10/6/2014,Republic Wireless,$11.29 ,Cell Phone,Utilities,"$3,836.10 ",Expense,,,,
2014,September,10/3/2014,Matthew Bellerose,$500.00 ,Gifts,Personal,"$3,336.10 ",Expense,,,,
2014,October,10/6/2014,ATM Withdrawl,$300.00 ,Groceries,Food,"$3,036.10 ",Expense,,,,
2014,October,10/6/2014,MOMs,$20.99 ,Supplements,Personal,"$3,015.11 ",Expense,,,,
2014,October,10/6/2014,MOMs,$9.99 ,Drugs,Medical,"$3,005.12 ",Expense,,,,
2014,October,10/6/2014,MOMs,$2.63 ,Cleaning /Laundry,Clothing,"$3,002.49 ",Expense,,,,
2014,October,10/6/2014,Sunoco,$54.69 ,Gas,Transportation,"$2,947.80 ",Expense,,,,
2014,October,10/6/2014,Giant,$4.76 ,Cleaning /Laundry,Clothing,"$2,943.04 ",Expense,,,,
2014,October,10/6/2014,loanDepot,"$1,303.71 ",Mortgage,Housing,"$1,639.33 ",Expense,,,,
2014,October,10/6/2014,loanDepot,$236.68 ,Property Taxes,Housing,"$1,402.65 ",Expense,,,,
2014,October,10/6/2014,loanDepot,$81.34 ,Property Insurance,Housing,"$1,321.31 ",Expense,,,,
2014,October,10/8/2014,Wal Mart,$27.89 ,Children Clothes,Clothing,"$1,293.42 ",Expense,,,,
2014,October,10/8/2014,Comcast,$75.43 ,Internet,Utilities,"$1,217.99 ",Expense,,,,
2014,October,10/9/2014,DFAS,"$3,561.60 ",Joey Income,Gross Income,"$4,779.59 ",Income,,,,
2014,October,10/9/2014,FEGLI,$24.95 ,Life Insurance,Medical,"$4,754.64 ",Expense,,,,
2014,October,10/9/2014,FEHB,$109.34 ,Health Insurance,Medical,"$4,645.30 ",Expense,,,,
2014,October,10/9/2014,OASDI,$214.04 ,Social Security,Taxes,"$4,431.26 ",Expense,,,,
2014,October,10/9/2014,Federal Tax,$88.43 ,Federal Taxes,Taxes,"$4,342.83 ",Expense,,,,
2014,October,10/9/2014,Medicare,$50.06 ,Medicare,Taxes,"$4,292.77 ",Expense,,,,
2014,October,10/9/2014,State Tax,$114.98 ,State Taxes,Taxes,"$4,177.79 ",Expense,,,,
2014,October,10/9/2014,FERS,$28.49 ,FERS,Retirement,"$4,149.30 ",Expense,,,,
2014,October,10/9/2014,TSP,$178.08 ,TSP,Retirement,"$3,971.22 ",Expense,,,,
2014,October,10/9/2014,BJs,$37.18 ,Gas,Transportation,"$3,934.04 ",Expense,,,,
2014,October,10/10/2014,MOMs,$25.73 ,Dinners,Food,"$3,908.31 ",Expense,,,,
2014,October,10/10/2014,BJs,$9.99 ,FUN,Personal,"$3,898.32 ",Expense,,,,
2014,October,10/10/2014,BJs,$53.64 ,Misc.,Personal,"$3,844.68 ",Expense,,,,
2014,October,10/14/2014,Wal Mart,$1.03 ,Children Clothes,Clothing,"$3,843.65 ",Expense,,,,
2014,October,10/14/2014,Giant,$7.88 ,Groceries,Food,"$3,835.77 ",Expense,,,,
2014,October,10/14/2014,Lowes,$40.16 ,Maintenance,Housing,"$3,795.61 ",Expense,,,,
2014,October,10/14/2014,Carrington Cleaner,$65.00 ,Wedding,Personal,"$3,730.61 ",Expense,,,,
2014,October,10/14/2014,Lowes,$788.37 ,Maintenance,Housing,"$2,942.24 ",Expense,,,,
2014,October,10/14/2014,Lee Sackman,$37.00 ,Wedding,Personal,"$2,905.24 ",Expense,,,,
2014,October,10/15/2014,Giant,$5.41 ,Groceries,Food,"$2,899.83 ",Expense,,,,
2014,October,10/15/2014,Kaila Contestible,$60.00 ,Wedding,Personal,"$2,839.83 ",Expense,,,,
2014,October,10/17/2014,Shell,$32.86 ,Gas,Transportation,"$2,806.97 ",Expense,,,,
2014,October,10/20/2014,Sweet Frog,$10.45 ,FUN,Personal,"$2,796.52 ",Expense,,,,
2014,October,10/20/2014,MOMs,$4.99 ,FUN,Personal,"$2,791.53 ",Expense,,,,
2014,October,10/20/2014,MOMs,$37.21 ,Groceries,Food,"$2,754.32 ",Expense,,,,
2014,October,10/20/2014,BJs,$17.47 ,Groceries,Food,"$2,736.85 ",Expense,,,,
2014,October,10/20/2014,Lowes,$67.17 ,Maintenance,Housing,"$2,669.68 ",Expense,,,,
2014,October,10/20/2014,Lowes,$20.04 ,Maintenance,Housing,"$2,649.64 ",Expense,,,,
2014,October,10/20/2014,Lowes,$145.21 ,Maintenance,Housing,"$2,504.43 ",Expense,,,,
2014,October,10/21/2014,Safeway,$51.03 ,Gas,Transportation,"$2,453.40 ",Expense,,,,
2014,October,10/22/2014,Next Step Produce,$6.00 ,Groceries,Food,"$2,447.40 ",Expense,,,,
2014,October,10/22/2014,Next Step Produce,$11.90 ,Groceries,Food,"$2,435.50 ",Expense,,,,
2014,October,10/20/2014,Campus Crusade,$100.00 ,Charity,Charity,"$2,335.50 ",Expense,,,,
2014,October,10/20/2014,Geico,$109.94 ,Car Insurance,Transportation,"$2,225.56 ",Expense,,,,
2014,October,10/21/2014,Deposit,($105.00),Groceries,Food,"$2,330.56 ",Expense,,,,
2014,October,10/21/2014,Maryland Department of Transportation,$1.50 ,Travel,Personal,"$2,329.06 ",Expense,,,,
2014,October,10/23/2014,Shell,$34.35 ,Gas,Transportation,"$2,294.71 ",Expense,,,,
2014,October,10/23/2014,Lowes,$25.28 ,Maintenance,Housing,"$2,269.43 ",Expense,,,,
2014,October,10/21/2014,Giant,$10.06 ,Groceries,Food,"$2,259.37 ",Expense,,,,
2014,October,10/23/2014,DFAS,"$3,561.60 ",Joey Income,Gross Income,"$5,820.97 ",Income,,,,
2014,October,10/23/2014,FEGLI,$24.95 ,Life Insurance,Medical,"$5,796.02 ",Expense,,,,
2014,October,10/23/2014,FEHB,$109.34 ,Health Insurance,Medical,"$5,686.68 ",Expense,,,,
2014,October,10/23/2014,OASDI,$214.04 ,Social Security,Taxes,"$5,472.64 ",Expense,,,,
2014,October,10/23/2014,Federal Tax,$88.43 ,Federal Taxes,Taxes,"$5,384.21 ",Expense,,,,
2014,October,10/23/2014,Medicare,$50.06 ,Medicare,Taxes,"$5,334.15 ",Expense,,,,
2014,October,10/23/2014,State Tax,$114.98 ,State Taxes,Taxes,"$5,219.17 ",Expense,,,,
2014,October,10/23/2014,FERS,$28.49 ,FERS,Retirement,"$5,190.68 ",Expense,,,,
2014,October,10/23/2014,TSP,$178.08 ,TSP,Retirement,"$5,012.60 ",Expense,,,,
2014,October,10/23/2014,Navient,$15.49 ,Joey Sallie Mae,Debts,"$4,997.11 ",Expense,,,,
2014,October,10/23/2014,Navient,$30.74 ,Joey Sallie Mae,Debts,"$4,966.37 ",Expense,,,,
2014,October,10/23/2014,Navient,$55.55 ,Joey Sallie Mae,Debts,"$4,910.82 ",Expense,,,,
2014,October,10/24/2014,World Vision,$60.00 ,Charity,Charity,"$4,850.82 ",Expense,,,,
2014,October,10/24/2014,SMECO,$128.78 ,Electric,Utilities,"$4,722.04 ",Expense,,,,
2014,October,10/27/2014,Lowes,($6.36),Maintenance,Housing,"$4,728.40 ",Expense,,,,
2014,October,10/27/2014,Lowes,($27.43),Maintenance,Housing,"$4,755.83 ",Expense,,,,
2014,October,10/27/2014,Lowes,$4.01 ,Maintenance,Housing,"$4,751.82 ",Expense,,,,
2014,October,10/27/2014,Shell,$34.26 ,Gas,Transportation,"$4,717.56 ",Expense,,,,
2014,October,10/27/2014,Lowes,$42.09 ,Maintenance,Housing,"$4,675.47 ",Expense,,,,
2014,October,10/27/2014,MOMs,$5.48 ,FUN,Personal,"$4,669.99 ",Expense,,,,
2014,October,10/27/2014,MOMs,$36.63 ,Groceries,Food,"$4,633.36 ",Expense,,,,
2014,October,10/27/2014,Lowes,$50.50 ,Maintenance,Housing,"$4,582.86 ",Expense,,,,
2014,October,10/27/2014,Lowes,$63.50 ,Maintenance,Housing,"$4,519.36 ",Expense,,,,
2014,October,10/27/2014,SMJJA,$50.00 ,Exercise,Recreation,"$4,469.36 ",Expense,,,,
2014,October,10/27/2014,BJs,$24.47 ,Groceries,Food,"$4,444.89 ",Expense,,,,
2014,October,10/27/2014,BJs,$19.99 ,Clothes,Clothing,"$4,424.90 ",Expense,,,,
2014,October,10/27/2014,BJs,$35.26 ,Dinners,Food,"$4,389.64 ",Expense,,,,
2014,November,10/27/2014,Emily Marquez,$50.00 ,Gifts,Personal,"$4,339.64 ",Expense,,,,
2014,November,10/28/2014,Joan Marquez,($88.00),Maintenance,Housing,"$4,427.64 ",Expense,,,,
2014,October,10/28/2014,Safeway,$2.65 ,FUN,Personal,"$4,424.99 ",Expense,,,,
2014,October,10/28/2014,Giant,$9.01 ,Groceries,Food,"$4,415.98 ",Expense,,,,
2014,November,10/29/2014,Charles County Government,$95.41 ,Water,Utilities,"$4,320.57 ",Expense,,,,
2014,October,10/29/2014,Next Step Produce,$14.85 ,Groceries,Food,"$4,305.72 ",Expense,,,,
2014,October,10/30/2014,Kabob Palace,$13.41 ,FUN,Personal,"$4,292.31 ",Expense,,,,
2014,November,10/30/2014,BJs,$71.49 ,Groceries,Food,"$4,220.82 ",Expense,,,,
2014,November,10/30/2014,MOMs,$21.93 ,Vacation,Recreation,"$4,198.89 ",Expense,,,,
2014,November,10/30/2014,MOMs,$11.59 ,Drugs,Medical,"$4,187.30 ",Expense,,,,
2014,November,10/30/2014,MOMs,$40.30 ,Groceries,Food,"$4,147.00 ",Expense,,,,
2014,November,10/30/2014,PNC,"$1,303.71 ",Mortgage,Housing,"$2,843.29 ",Expense,,,,
2014,November,10/30/2014,PNC,$236.68 ,Property Taxes,Housing,"$2,606.61 ",Expense,,,,
2014,November,10/30/2014,PNC,$81.34 ,Property Insurance,Housing,"$2,525.27 ",Expense,,,,
2014,November,10/31/2014,1800GotJunk,$389.00 ,Maintenance,Housing,"$2,136.27 ",Expense,,,,
2014,October,10/31/2014,Dividend,$0.14 ,Other Income,Gross Income,"$2,136.41 ",Income,,,,
2014,November,11/3/2014,Matsuke,$14.00 ,Vacation,Recreation,"$2,122.41 ",Expense,,,,
2014,November,11/3/2014,Matsuke,$14.00 ,Vacation,Recreation,"$2,108.41 ",Expense,,,,
2014,November,11/3/2014,Netflix,$16.46 ,TV,Utilities,"$2,091.95 ",Expense,,,,
2014,November,11/3/2014,Amazon,$35.46 ,Groceries,Food,"$2,056.49 ",Expense,,,,
2014,November,11/3/2014,Amazon,$35.62 ,Groceries,Food,"$2,020.87 ",Expense,,,,
2014,October,11/4/2014,Lowes,($57.14),Maintenance,Housing,"$2,078.01 ",Expense,,,,
2014,November,11/4/2014,ATM Fee,$1.00 ,Misc.,Personal,"$2,077.01 ",Expense,,,,
2014,November,11/4/2014,ATM Withdrawl,$42.00 ,Groceries,Food,"$2,035.01 ",Expense,,,,
2014,November,11/4/2014,Giant,$6.31 ,Groceries,Food,"$2,028.70 ",Expense,,,,
2014,November,11/4/2014,Lowes,$6.32 ,Misc.,Personal,"$2,022.38 ",Expense,,,,
2014,November,11/4/2014,Republic Wireless,$22.61 ,Cell Phone,Utilities,"$1,999.77 ",Expense,,,,
2014,November,11/4/2014,Red Robin,$24.61 ,Vacation,Recreation,"$1,975.16 ",Expense,,,,
2014,November,11/4/2014,Wal Mart,$2.58 ,Car Maintenance,Transportation,"$1,972.58 ",Expense,,,,
2014,November,11/4/2014,Wal Mart,$29.09 ,Children Clothes,Clothing,"$1,943.49 ",Expense,,,,
2014,November,11/4/2014,Citgo,$31.73 ,Gas,Transportation,"$1,911.76 ",Expense,,,,
2014,November,11/4/2014,Wal Mart,$115.58 ,Car Maintenance,Transportation,"$1,796.18 ",Expense,,,,
2014,October,11/4/2014,Revolution 12 Church,$712.32 ,Charity,Charity,"$1,083.86 ",Expense,,,,
2014,October,11/5/2014,Valvoline,$76.59 ,Car Maintenance,Transportation,"$1,007.27 ",Expense,,,,
2014,November,11/6/2014,DFAS,"$3,561.60 ",Joey Income,Gross Income,"$4,568.87 ",Income,,,,
2014,November,11/6/2014,FEGLI,$24.95 ,Life Insurance,Medical,"$4,543.92 ",Expense,,,,
2014,November,11/6/2014,FEHB,$109.34 ,Health Insurance,Medical,"$4,434.58 ",Expense,,,,
2014,November,11/6/2014,OASDI,$214.04 ,Social Security,Taxes,"$4,220.54 ",Expense,,,,
2014,November,11/6/2014,Federal Tax,$88.43 ,Federal Taxes,Taxes,"$4,132.11 ",Expense,,,,
2014,November,11/6/2014,Medicare,$50.06 ,Medicare,Taxes,"$4,082.05 ",Expense,,,,
2014,November,11/6/2014,State Tax,$114.98 ,State Taxes,Taxes,"$3,967.07 ",Expense,,,,
2014,November,11/6/2014,FERS,$28.49 ,FERS,Retirement,"$3,938.58 ",Expense,,,,
2014,November,11/6/2014,TSP,$178.08 ,TSP,Retirement,"$3,760.50 ",Expense,,,,
2014,November,11/6/2014,International Transaction Fee,$0.06 ,TV,Utilities,"$3,760.44 ",Expense,,,,
2014,November,11/6/2014,Food Matters TV,$7.95 ,TV,Utilities,"$3,752.49 ",Expense,,,,
2014,November,11/10/2014,Wal Mart,$6.09 ,FUN,Personal,"$3,746.40 ",Expense,,,,
2014,November,11/10/2014,Chicken Rico,$13.77 ,FUN,Personal,"$3,732.63 ",Expense,,,,
2014,November,11/10/2014,Wawa,$48.93 ,Gas,Transportation,"$3,683.70 ",Expense,,,,
2014,November,11/10/2014,Chicken Rico,$51.40 ,Maintenance,Housing,"$3,632.30 ",Expense,,,,
2014,November,11/10/2014,BJs,$30.72 ,Toiletries,Personal,"$3,601.58 ",Expense,,,,
2014,November,11/10/2014,BJs,$47.44 ,Groceries,Food,"$3,554.14 ",Expense,,,,
2014,November,11/10/2014,MOMs,$2.99 ,FUN,Personal,"$3,551.15 ",Expense,,,,
2014,November,11/10/2014,MOMs,$5.16 ,Cleaning /Laundry,Clothing,"$3,545.99 ",Expense,,,,
2014,November,11/10/2014,MOMs,$88.48 ,Groceries,Food,"$3,457.51 ",Expense,,,,
2014,November,11/10/2014,Comcast,$75.43 ,Internet,Utilities,"$3,382.08 ",Expense,,,,
2014,November,11/12/2014,Giant,$9.01 ,Groceries,Food,"$3,373.07 ",Expense,,,,
2014,November,11/12/2014,Chipotle,$18.75 ,FUN,Personal,"$3,354.32 ",Expense,,,,
2014,November,11/12/2014,Citgo,$9.06 ,Gas,Transportation,"$3,345.26 ",Expense,,,,
2014,November,11/12/2014,Safeway,$30.58 ,Gas,Transportation,"$3,314.68 ",Expense,,,,
2014,November,11/12/2014,BJs,$18.99 ,Gifts,Personal,"$3,295.69 ",Expense,,,,
2014,November,11/12/2014,BJs,$7.49 ,FUN,Personal,"$3,288.20 ",Expense,,,,
2014,November,11/12/2014,BJs,$11.99 ,Toiletries,Personal,"$3,276.21 ",Expense,,,,
2014,November,11/12/2014,BJs,$9.34 ,Groceries,Food,"$3,266.87 ",Expense,,,,
2014,November,11/17/2014,Food Lion,$10.05 ,Gifts,Personal,"$3,256.82 ",Expense,,,,
2014,November,11/17/2014,MOMs,$5.98 ,FUN,Personal,"$3,250.84 ",Expense,,,,
2014,November,11/17/2014,MOMs,$13.55 ,Toiletries,Personal,"$3,237.29 ",Expense,,,,
2014,November,11/17/2014,MOMs,$61.62 ,Groceries,Food,"$3,175.67 ",Expense,,,,
2014,November,11/17/2014,BJs,$42.92 ,Gifts,Personal,"$3,132.75 ",Expense,,,,
2014,November,11/17/2014,BJs,$96.27 ,Groceries,Food,"$3,036.48 ",Expense,,,,
2014,November,11/17/2014,Fran Renfree,($5.65),Groceries,Food,"$3,042.13 ",Expense,,,,
2014,November,11/20/2014,DFAS,"$3,671.20 ",Joey Income,Gross Income,"$6,713.33 ",Income,,,,
2014,November,11/20/2014,FEGLI,$25.70 ,Life Insurance,Medical,"$6,687.63 ",Expense,,,,
2014,November,11/20/2014,FEHB,$109.34 ,Health Insurance,Medical,"$6,578.29 ",Expense,,,,
2014,November,11/20/2014,OASDI,$220.84 ,Social Security,Taxes,"$6,357.45 ",Expense,,,,
2014,November,11/20/2014,Federal Tax,$104.05 ,Federal Taxes,Taxes,"$6,253.40 ",Expense,,,,
2014,November,11/20/2014,Medicare,$51.64 ,Medicare,Taxes,"$6,201.76 ",Expense,,,,
2014,November,11/20/2014,State Tax,$123.11 ,State Taxes,Taxes,"$6,078.65 ",Expense,,,,
2014,November,11/20/2014,FERS,$29.37 ,FERS,Retirement,"$6,049.28 ",Expense,,,,
2014,November,11/20/2014,TSP,$183.56 ,TSP,Retirement,"$5,865.72 ",Expense,,,,
2014,November,11/18/2014,Giant,$7.21 ,Groceries,Food,"$5,858.51 ",Expense,,,,
2014,November,11/18/2014,SMECO,$180.63 ,Electric,Utilities,"$5,677.88 ",Expense,,,,
2014,November,11/18/2014,Safeway,$30.65 ,Gas,Transportation,"$5,647.23 ",Expense,,,,
2014,November,11/20/2014,Campus Crusade,$100.00 ,Charity,Charity,"$5,547.23 ",Expense,,,,
2014,November,11/20/2014,Geico,$109.94 ,Car Insurance,Transportation,"$5,437.29 ",Expense,,,,
2014,November,11/21/2014,Safeway,$41.94 ,Gas,Transportation,"$5,395.35 ",Expense,,,,
2014,November,11/24/2014,Sweet Frog,$17.95 ,FUN,Personal,"$5,377.40 ",Expense,,,,
2014,November,11/24/2014,BJs,$2.40 ,Gifts,Personal,"$5,375.00 ",Expense,,,,
2014,November,11/24/2014,BJs,$8.29 ,Dinners,Food,"$5,366.71 ",Expense,,,,
2014,November,11/24/2014,BJs,$21.91 ,Groceries,Food,"$5,344.80 ",Expense,,,,
2014,November,11/24/2014,MOMs,$5.50 ,Dinners,Food,"$5,339.30 ",Expense,,,,
2014,November,11/24/2014,MOMs,$6.00 ,FUN,Personal,"$5,333.30 ",Expense,,,,
2014,November,11/24/2014,MOMs,$2.00 ,Misc.,Personal,"$5,331.30 ",Expense,,,,
2014,November,11/24/2014,MOMs,$39.87 ,Groceries,Food,"$5,291.43 ",Expense,,,,
2014,November,11/24/2014,World Vision,$60.00 ,Charity,Charity,"$5,231.43 ",Expense,,,,
2014,November,11/24/2014,Navient,$15.49 ,Joey Sallie Mae,Debts,"$5,215.94 ",Expense,,,,
2014,November,11/24/2014,Navient,$18.33 ,Joey Sallie Mae,Debts,"$5,197.61 ",Expense,,,,
2014,November,11/24/2014,Navient,$30.74 ,Joey Sallie Mae,Debts,"$5,166.87 ",Expense,,,,
2014,November,11/26/2014,Safeway,$31.39 ,Gas,Transportation,"$5,135.48 ",Expense,,,,
2014,November,11/25/2014,Giant,$5.41 ,Groceries,Food,"$5,130.07 ",Expense,,,,
2014,November,11/26/2014,Next Step Produce,$16.80 ,Dinners,Food,"$5,113.27 ",Expense,,,,
2014,November,11/26/2014,MOMs,$24.52 ,Dinners,Food,"$5,088.75 ",Expense,,,,
2014,November,11/26/2014,Citi Card,$106.00 ,Cell Phone,Utilities,"$4,982.75 ",Expense,,,,
2014,November,11/26/2014,Citi Card,$429.00 ,Maintenance,Housing,"$4,553.75 ",Expense,,,,
2014,November,11/28/2014,ThredUp,$24.45 ,Clothes,Clothing,"$4,529.30 ",Expense,,,,
2014,November,11/28/2014,SMJJA,$50.00 ,Exercise,Recreation,"$4,479.30 ",Expense,,,,
2014,November,11/28/2014,Eric Benson,$90.00 ,Vacation,Recreation,"$4,389.30 ",Expense,,,,
2014,November,11/28/2014,Revolution 12 Church,$712.32 ,Charity,Charity,"$3,676.98 ",Expense,,,,
2014,November,11/28/2014,Dividend,$0.15 ,Other Income,Gross Income,"$3,677.13 ",Income,,,,
2014,December,12/1/2014,EZ Pass,$25.00 ,Travel,Personal,"$3,652.13 ",Expense,,,,
2014,December,12/1/2014,MOMs,$2.98 ,Misc.,Personal,"$3,649.15 ",Expense,,,,
2014,December,12/1/2014,MOMs,$55.29 ,Groceries,Food,"$3,593.86 ",Expense,,,,
2014,December,12/1/2014,BJs,$63.21 ,Groceries,Food,"$3,530.65 ",Expense,,,,
2014,December,12/1/2014,MVA,$135.00 ,License & Taxes,Transportation,"$3,395.65 ",Expense,,,,
2014,December,12/2/2014,Amazon,$39.87 ,Groceries,Food,"$3,355.78 ",Expense,,,,
2014,December,12/2/2014,Amazon,$37.99 ,Groceries,Food,"$3,317.79 ",Expense,,,,
2014,December,12/2/2014,Safeway,$9.99 ,Fun,Personal,"$3,307.80 ",Expense,,,,
2014,December,12/2/2014,Safeway,$31.06 ,Gas,Transportation,"$3,276.74 ",Expense,,,,
2014,December,12/2/2014,Amazon,$23.89 ,Christmas,Personal,"$3,252.85 ",Expense,,,,
2014,December,12/3/2014,Amazon,$124.48 ,Christmas,Personal,"$3,128.37 ",Expense,,,,
2014,December,12/2/2014,Netflix,$16.46 ,TV,Utilities,"$3,111.91 ",Expense,,,,
2014,December,12/3/2014,Christmas Tree Shop,$24.36 ,Christmas,Personal,"$3,087.55 ",Expense,,,,
2014,December,12/4/2014,Republic Wireless,$22.61 ,Cell Phone,Utilities,"$3,064.94 ",Expense,,,,
2014,December,12/4/2014,DFAS,"$3,671.20 ",Joey Income,Gross Income,"$6,736.14 ",Income,,,,
2014,December,12/4/2014,FEGLI,$25.70 ,Life Insurance,Medical,"$6,710.44 ",Expense,,,,
2014,December,12/4/2014,FEHB,$109.34 ,Health Insurance,Medical,"$6,601.10 ",Expense,,,,
2014,December,12/4/2014,OASDI,$220.84 ,Social Security,Taxes,"$6,380.26 ",Expense,,,,
2014,December,12/4/2014,Federal Tax,$104.05 ,Federal Taxes,Taxes,"$6,276.21 ",Expense,,,,
2014,December,12/4/2014,Medicare,$51.65 ,Medicare,Taxes,"$6,224.56 ",Expense,,,,
2014,December,12/4/2014,State Tax,$123.11 ,State Taxes,Taxes,"$6,101.45 ",Expense,,,,
2014,December,12/4/2014,FERS,$29.37 ,FERS,Retirement,"$6,072.08 ",Expense,,,,
2014,December,12/4/2014,TSP,$183.56 ,TSP,Retirement,"$5,888.52 ",Expense,,,,
2014,December,12/5/2014,Giant,$12.50 ,Groceries,Food,"$5,876.02 ",Expense,,,,
2014,December,12/8/2014,Safeway,$30.96 ,Gas,Transportation,"$5,845.06 ",Expense,,,,
2014,December,12/8/2014,TJ Maxx,$6.99 ,Misc.,Personal,"$5,838.07 ",Expense,,,,
2014,December,12/8/2014,TJ Maxx,$21.61 ,Children Clothes,Clothing,"$5,816.46 ",Expense,,,,
2014,December,12/8/2014,MOMs,$5.96 ,FUN,Personal,"$5,810.50 ",Expense,,,,
2014,December,12/8/2014,MOMs,$14.16 ,FUN,Personal,"$5,796.34 ",Expense,,,,
2014,December,12/8/2014,MOMs,$64.35 ,Groceries,Food,"$5,731.99 ",Expense,,,,
2014,December,12/8/2014,BJs,$50.74 ,Groceries,Food,"$5,681.25 ",Expense,,,,
2014,December,12/8/2014,BJs,$6.99 ,Groceries,Food,"$5,674.26 ",Expense,,,,
2014,December,12/8/2014,Food Matters TV,$7.95 ,TV,Utilities,"$5,666.31 ",Expense,,,,
2014,December,12/8/2014,Food Matters TV,$0.06 ,TV,Utilities,"$5,666.25 ",Expense,,,,
2014,December,12/8/2014,Safeway,$42.02 ,Gas,Transportation,"$5,624.23 ",Expense,,,,
2014,December,12/8/2014,MOMs,$14.89 ,Dinners,Food,"$5,609.34 ",Expense,,,,
2014,December,12/8/2014,MOMs,$10.46 ,FUN,Personal,"$5,598.88 ",Expense,,,,
2014,December,12/8/2014,MOMs,$5.78 ,Groceries,Food,"$5,593.10 ",Expense,,,,
2014,December,12/8/2014,eDeposit,"$1,000.00 ",Other Income,Gross Income,"$6,593.10 ",Income,,,,
2014,December,12/8/2014,Comcast,$75.43 ,Internet,Utilities,"$6,517.67 ",Expense,,,,
2014,December,12/9/2014,Navient,"$1,000.00 ",Joey Sallie Mae,Debts,"$5,517.67 ",Expense,,,,
2014,December,12/10/2014,Walmart,$5.45 ,Cleaning /Laundry,Clothing,"$5,512.22 ",Expense,,,,
2014,December,12/10/2014,Walmart,$7.47 ,Children Clothes,Clothing,"$5,504.75 ",Expense,,,,
2014,December,12/11/2014,Sunoco,$25.61 ,Gas,Transportation,"$5,479.14 ",Expense,,,,
2014,December,12/11/2014,BJs,$35.27 ,Christmas,Personal,"$5,443.87 ",Expense,,,,
2014,December,12/11/2014,Next Step Produce,$15.00 ,Groceries,Food,"$5,428.87 ",Expense,,,,
2014,December,12/12/2014,Giant,$3.00 ,FUN,Personal,"$5,425.87 ",Expense,,,,
2014,December,12/12/2014,Giant,$8.24 ,Groceries,Food,"$5,417.63 ",Expense,,,,
2014,December,12/15/2014,ATM Withdrawl,$20.00 ,Groceries,Food,"$5,397.63 ",Expense,,,,
2015,January,12/15/2014,ATM Withdrawl,$20.00 ,Groceries,Food,"$5,377.63 ",Expense,,,,
2014,December,12/15/2014,MOMs,$11.84 ,FUN,Personal,"$5,365.79 ",Expense,,,,
2014,December,12/15/2014,MOMs,$16.06 ,Cleaning /Laundry,Clothing,"$5,349.73 ",Expense,,,,
2014,December,12/15/2014,MOMs,$36.14 ,Groceries,Food,"$5,313.59 ",Expense,,,,
2014,December,12/15/2014,BJs,$79.76 ,Groceries,Food,"$5,233.83 ",Expense,,,,
2014,December,12/15/2014,Navient,$348.05 ,Joey Sallie Mae,Debts,"$4,885.78 ",Expense,,,,
2014,December,12/15/2014,Navient,$825.72 ,Joey Sallie Mae,Debts,"$4,060.06 ",Expense,,,,
2014,December,12/15/2014,PNC,"$1,303.71 ",Mortgage,Housing,"$2,756.35 ",Expense,,,,
2014,December,12/15/2014,PNC,$236.68 ,Property Taxes,Housing,"$2,519.67 ",Expense,,,,
2014,December,12/15/2014,PNC,$81.34 ,Property Insurance,Housing,"$2,438.33 ",Expense,,,,
2014,December,12/15/2014,PNC,$7.00 ,Misc.,Personal,"$2,431.33 ",Expense,,,,
2014,December,12/16/2014,Sunoco,$28.51 ,Gas,Transportation,"$2,402.82 ",Expense,,,,
2014,December,12/16/2014,SMECO,$170.97 ,Electric,Utilities,"$2,231.85 ",Expense,,,,
2014,December,12/17/2014,Walmart,$18.46 ,Christmas,Personal,"$2,213.39 ",Expense,,,,
2014,December,12/17/2014,MOMs,$6.26 ,FUN,Personal,"$2,207.13 ",Expense,,,,
2014,December,12/17/2014,MOMs,$3.90 ,Groceries,Food,"$2,203.23 ",Expense,,,,
2014,December,12/18/2014,DFAS,"$4,726.67 ",Joey Income,Gross Income,"$6,929.90 ",Income,,,,
2014,December,12/18/2014,FEGLI,$25.70 ,Life Insurance,Medical,"$6,904.20 ",Expense,,,,
2014,December,12/18/2014,FEHB,$109.34 ,Health Insurance,Medical,"$6,794.86 ",Expense,,,,
2014,December,12/18/2014,OASDI,$286.27 ,Social Security,Taxes,"$6,508.59 ",Expense,,,,
2014,December,12/18/2014,Federal Tax,$262.37 ,Federal Taxes,Taxes,"$6,246.22 ",Expense,,,,
2014,December,12/18/2014,Medicare,$66.95 ,Medicare,Taxes,"$6,179.27 ",Expense,,,,
2014,December,12/18/2014,State Tax,$205.43 ,State Taxes,Taxes,"$5,973.84 ",Expense,,,,
2014,December,12/18/2014,FERS,$29.37 ,FERS,Retirement,"$5,944.47 ",Expense,,,,
2014,December,12/18/2014,TSP,$183.56 ,TSP,Retirement,"$5,760.91 ",Expense,,,,
2014,December,12/17/2014,Transfer from Savings,"$3,506.67 ",Reimbursables,Gross Income,"$9,267.58 ",Income,,,,
2014,December,12/18/2014,Plaza Azteca,$14.00 ,Misc.,Personal,"$9,253.58 ",Expense,,,,
2014,December,12/18/2014,Navient,"$1,213.81 ",Joey Sallie Mae,Debts,"$8,039.77 ",Expense,,,,
2014,December,12/18/2014,Navient,"$3,098.88 ",Joey Sallie Mae,Debts,"$4,940.89 ",Expense,,,,
2014,December,12/19/2014,Giant,$4.50 ,FUN,Personal,"$4,936.39 ",Expense,,,,
2014,December,12/19/2014,Giant,$7.39 ,Groceries,Food,"$4,929.00 ",Expense,,,,
2014,December,12/19/2014,Giant,$38.95 ,Gas,Transportation,"$4,890.05 ",Expense,,,,
2014,December,12/22/2014,MOMs,$2.98 ,FUN,Personal,"$4,887.07 ",Expense,,,,
2014,December,12/22/2014,St Inigoes Store,$4.50 ,FUN,Personal,"$4,882.57 ",Expense,,,,
2014,December,12/22/2014,Chick-Fil-A,$7.95 ,FUN,Personal,"$4,874.62 ",Expense,,,,
2014,December,12/22/2014,Chick-Fil-A,$7.95 ,FUN,Personal,"$4,866.67 ",Expense,,,,
2014,December,12/22/2014,DB ManMillans,$16.00 ,FUN,Personal,"$4,850.67 ",Expense,,,,
2014,December,12/22/2014,MOMs,$14.27 ,Groceries,Food,"$4,836.40 ",Expense,,,,
2014,December,12/22/2014,MOMs,$5.99 ,Toiletries,Personal,"$4,830.41 ",Expense,,,,
2014,December,12/22/2014,MOMs,$14.23 ,FUN,Personal,"$4,816.18 ",Expense,,,,
2014,December,12/22/2014,TJ Maxx,$55.09 ,Christmas,Personal,"$4,761.09 ",Expense,,,,
2014,December,12/22/2014,BJs,$56.43 ,Groceries,Food,"$4,704.66 ",Expense,,,,
2014,December,12/22/2014,Campus Crusade,$100.00 ,Charity,Charity,"$4,604.66 ",Expense,,,,
2014,December,12/22/2014,Geico,$109.94 ,Car Insurance,Transportation,"$4,494.72 ",Expense,,,,
2014,December,12/24/2014,Walmart,$10.00 ,Christmas,Personal,"$4,484.72 ",Expense,,,,
2014,December,12/24/2014,Dash In,$27.32 ,Gas,Transportation,"$4,457.40 ",Expense,,,,
2014,December,12/24/2014,SMJJA,$50.00 ,Exercise,Recreation,"$4,407.40 ",Expense,,,,
2014,December,12/24/2014,World Vision,$60.00 ,Charity,Charity,"$4,347.40 ",Expense,,,,
2014,December,12/26/2014,Tinder Box,$11.92 ,Christmas,Personal,"$4,335.48 ",Expense,,,,
2014,December,12/26/2014,Safeway,$12.79 ,Dinners,Food,"$4,322.69 ",Expense,,,,
2015,January,12/29/2014,MOMs,$5.96 ,FUN,Personal,"$4,316.73 ",Expense,,,,
2015,January,12/29/2014,MOMs,$5.92 ,FUN,Personal,"$4,310.81 ",Expense,,,,
2015,January,12/29/2014,MOMs,$30.62 ,Groceries,Food,"$4,280.19 ",Expense,,,,
2015,January,12/29/2014,BJs,$9.39 ,House Supplies,Personal,"$4,270.80 ",Expense,,,,
2015,January,12/29/2014,BJs,$19.99 ,Misc.,Personal,"$4,250.81 ",Expense,,,,
2015,January,12/29/2014,BJs,$8.99 ,Misc.,Personal,"$4,241.82 ",Expense,,,,
2015,January,12/29/2014,BJs,$207.90 ,Groceries,Food,"$4,033.92 ",Expense,,,,
2015,January,12/29/2014,Walmart,$7.99 ,Children Clothes,Clothing,"$4,025.93 ",Expense,,,,
2014,December,12/29/2014,Walmart,$12.32 ,Christmas,Personal,"$4,013.61 ",Expense,,,,
2015,January,12/29/2014,BJs,$10.99 ,Groceries,Food,"$4,002.62 ",Expense,,,,
2015,January,12/29/2014,BJs,$18.19 ,Children Clothes,Clothing,"$3,984.43 ",Expense,,,,
2015,January,12/30/2014,TJ Maxx,$20.65 ,Misc.,Personal,"$3,963.78 ",Expense,,,,
2015,January,12/30/2014,Brooks Brothers,$71.61 ,Christmas,Personal,"$3,892.17 ",Expense,,,,
2015,January,12/31/2014,DFAS,"$3,671.20 ",Joey Income,Gross Income,"$7,563.37 ",Income,,,,
2015,January,12/31/2014,FEGLI,$25.70 ,Life Insurance,Medical,"$7,537.67 ",Expense,,,,
2015,January,12/31/2014,FEHB,$109.34 ,Health Insurance,Medical,"$7,428.33 ",Expense,,,,
2015,January,12/31/2014,OASDI,$220.84 ,Social Security,Taxes,"$7,207.49 ",Expense,,,,
2015,January,12/31/2014,Federal Tax,$118.97 ,Federal Taxes,Taxes,"$7,088.52 ",Expense,,,,
2015,January,12/31/2014,Medicare,$51.65 ,Medicare,Taxes,"$7,036.87 ",Expense,,,,
2015,January,12/31/2014,State Tax,$128.31 ,State Taxes,Taxes,"$6,908.56 ",Expense,,,,
2015,January,12/31/2014,FERS,$29.37 ,FERS,Retirement,"$6,879.19 ",Expense,,,,
2015,January,12/31/2014,TSP,$183.56 ,TSP,Retirement,"$6,695.63 ",Expense,,,,
2015,January,12/31/2014,The Fudgery,$19.06 ,Christmas,Personal,"$6,676.57 ",Expense,,,,
2015,January,12/31/2014,Gymboree,$19.04 ,Children Clothes,Clothing,"$6,657.53 ",Expense,,,,
2015,January,12/31/2014,Travel Traders,$25.97 ,Christmas,Personal,"$6,631.56 ",Expense,,,,
2015,January,12/31/2014,Safeway,$32.09 ,Gas,Transportation,"$6,599.47 ",Expense,,,,
2015,January,12/31/2014,Rosa Mexicano,$76.66 ,Christmas,Personal,"$6,522.81 ",Expense,,,,
2015,January,12/31/2014,Ralph Lauren,$122.39 ,Christmas,Personal,"$6,400.42 ",Expense,,,,
2015,January,12/31/2014,Dividend,$0.20 ,Other Income,Gross Income,"$6,400.62 ",Income,,,,
2015,January,1/2/2015,National Harbor Garage,$9.00 ,Christmas,Personal,"$6,391.62 ",Expense,,,,
2015,January,1/2/2015,Netflix,$16.46 ,TV,Utilities,"$6,375.16 ",Expense,,,,
2015,January,1/2/2015,Ralph Lauren,($13.35),Christmas,Personal,"$6,388.51 ",Expense,,,,
2015,January,1/2/2015,MOMs,$24.55 ,Dinners,Food,"$6,363.96 ",Expense,,,,
2015,January,1/5/2014,Republic Wireless,$22.66 ,Cell Phone,Utilities,"$6,341.30 ",Expense,,,,
2015,January,1/5/2014,MOMs,$5.00 ,FUN,Personal,"$6,336.30 ",Expense,,,,
2015,January,1/5/2014,MOMs,$17.02 ,FUN,Personal,"$6,319.28 ",Expense,,,,
2015,January,1/5/2014,MOMs,$18.84 ,Gifts,Personal,"$6,300.44 ",Expense,,,,
2015,January,1/5/2014,MOMs,$29.78 ,Drugs,Medical,"$6,270.66 ",Expense,,,,
2015,January,1/5/2014,MOMs,$28.49 ,Groceries,Food,"$6,242.17 ",Expense,,,,
2015,January,1/5/2014,BJs,$15.89 ,Toiletries,Personal,"$6,226.28 ",Expense,,,,
2015,January,1/5/2014,BJs,$34.25 ,Groceries,Food,"$6,192.03 ",Expense,,,,
2015,January,1/5/2014,Wawa,$25.21 ,Gas,Transportation,"$6,166.82 ",Expense,,,,
2015,January,1/5/2014,PNC,"$1,303.71 ",Mortgage,Housing,"$4,863.11 ",Expense,,,,
2015,January,1/5/2014,PNC,$234.02 ,Property Taxes,Housing,"$4,629.09 ",Expense,,,,
2015,January,1/5/2014,PNC,$81.34 ,Property Insurance,Housing,"$4,547.75 ",Expense,,,,
2015,January,1/6/2015,Food Matters TV,$7.95 ,TV,Utilities,"$4,539.80 ",Expense,,,,
2015,January,1/6/2015,Food Matters TV,$0.06 ,TV,Utilities,"$4,539.74 ",Expense,,,,
2015,January,1/7/2015,Walmart,$8.42 ,Children Clothes,Clothing,"$4,531.32 ",Expense,,,,
2015,January,1/8/2015,Panera,$1.58 ,Misc.,Personal,"$4,529.74 ",Expense,,,,
2015,January,1/8/2015,Comcast,$75.43 ,Internet,Utilities,"$4,454.31 ",Expense,,,,
2014,August,1/9/2015,MVA,$14.00 ,Car Maintenance,Transportation,"$4,440.31 ",Expense,,,,
2015,January,1/12/2015,Teariffic,$8.26 ,FUN,Personal,"$4,432.05 ",Expense,,,,
2015,January,1/12/2015,MOMs,$5.00 ,FUN,Personal,"$4,427.05 ",Expense,,,,
2015,January,1/12/2015,MOMs,$7.96 ,FUN,Personal,"$4,419.09 ",Expense,,,,
2015,January,1/12/2015,MOMs,$11.86 ,Cleaning /Laundry,Clothing,"$4,407.23 ",Expense,,,,
2015,January,1/12/2015,MOMs,$24.01 ,Groceries,Food,"$4,383.22 ",Expense,,,,
2015,January,1/12/2015,BJs,$101.28 ,Groceries,Food,"$4,281.94 ",Expense,,,,
2015,January,1/12/2015,Dash In,$33.64 ,Gas,Transportation,"$4,248.30 ",Expense,,,,
2015,January,1/12/2015,Citgo,$3.57 ,Gas,Transportation,"$4,244.73 ",Expense,,,,
2015,January,1/12/2015,Safeway,$23.41 ,Gas,Transportation,"$4,221.32 ",Expense,,,,
2015,January,1/12/2015,Kodori,$100.00 ,Entertainment,Recreation,"$4,121.32 ",Expense,,,,
2015,January,1/12/2015,Fruity Bubble Tea,$4.61 ,Entertainment,Recreation,"$4,116.71 ",Expense,,,,
2014,November,1/12/2015,Revolution 12 Church,$10.96 ,Charity,Charity,"$4,105.75 ",Expense,,,,
2014,December,1/12/2015,Revolution 12 Church,$839.79 ,Charity,Charity,"$3,265.96 ",Expense,,,,
2015,January,1/13/2015,SMECO,$255.37 ,Electric,Utilities,"$3,010.59 ",Expense,,,,
2015,January,1/15/2015,JC Penny,$59.36 ,Gifts,Personal,"$2,951.23 ",Expense,,,,
2015,January,1/16/2015,Nicks of Clinton,$23.98 ,Groceries,Food,"$2,927.25 ",Expense,,,,
2015,January,1/15/2015,DFAS,"$3,671.20 ",Joey Income,Gross Income,"$6,598.45 ",Income,,,,
2015,January,1/15/2015,FEGLI,$25.70 ,Life Insurance,Medical,"$6,572.75 ",Expense,,,,
2015,January,1/15/2015,FEHB,$109.34 ,Health Insurance,Medical,"$6,463.41 ",Expense,,,,
2015,January,1/15/2015,OASDI,$220.83 ,Social Security,Taxes,"$6,242.58 ",Expense,,,,
2015,January,1/15/2015,Federal Tax,$113.69 ,Federal Taxes,Taxes,"$6,128.89 ",Expense,,,,
2015,January,1/15/2015,Medicare,$51.64 ,Medicare,Taxes,"$6,077.25 ",Expense,,,,
2015,January,1/15/2015,State Tax,$128.31 ,State Taxes,Taxes,"$5,948.94 ",Expense,,,,
2015,January,1/15/2015,FERS,$29.37 ,FERS,Retirement,"$5,919.57 ",Expense,,,,
2015,January,1/15/2015,TSP,$183.56 ,TSP,Retirement,"$5,736.01 ",Expense,,,,
2015,January,1/16/2015,Dash In,$3.98 ,Misc.,Personal,"$5,732.03 ",Expense,,,,
2015,January,1/16/2015,Dash In,$23.05 ,Gas,Transportation,"$5,708.98 ",Expense,,,,
2015,January,1/20/2015,Walmart,($38.10),Birthday,Personal,"$5,747.08 ",Expense,,,,
2015,January,1/20/2015,Safeway,$5.69 ,Birthday,Personal,"$5,741.39 ",Expense,,,,
2015,January,1/20/2015,MOMs,$5.96 ,FUN,Personal,"$5,735.43 ",Expense,,,,
2015,January,1/20/2015,Walmart,$7.26 ,Birthday,Personal,"$5,728.17 ",Expense,,,,
2015,January,1/20/2015,Safeway,$8.43 ,Gifts,Personal,"$5,719.74 ",Expense,,,,
2015,January,1/20/2015,Giant,$28.16 ,Birthday,Personal,"$5,691.58 ",Expense,,,,
2015,January,1/20/2015,MOMs,$5.98 ,FUN,Personal,"$5,685.60 ",Expense,,,,
2015,January,1/20/2015,MOMs,$1.99 ,Misc.,Personal,"$5,683.61 ",Expense,,,,
2015,January,1/20/2015,MOMs,$18.27 ,Birthday,Personal,"$5,665.34 ",Expense,,,,
2015,January,1/20/2015,MOMs,$11.53 ,Groceries,Food,"$5,653.81 ",Expense,,,,
2015,January,1/20/2015,Nicks of Clinton,$10.89 ,Groceries,Food,"$5,642.92 ",Expense,,,,
2015,January,1/20/2015,Nicks of Clinton,$27.61 ,Birthday,Personal,"$5,615.31 ",Expense,,,,
2015,January,1/20/2015,Walmart,$76.57 ,BIrthday,Personal,"$5,538.74 ",Expense,,,,
2015,January,1/20/2015,BJs,$54.93 ,Birthday,Personal,"$5,483.81 ",Expense,,,,
2015,January,1/20/2015,BJs,$23.76 ,House Supplies,Personal,"$5,460.05 ",Expense,,,,
2015,January,1/20/2015,BJs,$35.95 ,Groceries,Food,"$5,424.10 ",Expense,,,,
2015,January,1/20/2015,Campus Crusade,$100.00 ,Charity,Charity,"$5,324.10 ",Expense,,,,
2015,January,1/20/2015,Geico,$109.94 ,Car Insurance,Transportation,"$5,214.16 ",Expense,,,,
2015,January,1/22/2015,SMJJA,$50.00 ,Exercise,Recreation,"$5,164.16 ",Expense,,,,
2015,February,1/26/2015,ATM Withdrawl,$40.00 ,Groceries,Food,"$5,124.16 ",Expense,,,,
2015,January,1/26/2015,Wawa,$4.24 ,Gas,Transportation,"$5,119.92 ",Expense,,,,
2015,January,1/26/2015,Nicks of Clinton,$13.40 ,Groceries,Food,"$5,106.52 ",Expense,,,,
2015,January,1/26/2015,BJs,$20.27 ,Gas,Transportation,"$5,086.25 ",Expense,,,,
2015,January,1/26/2015,MOMs,$4.97 ,FUN,Personal,"$5,081.28 ",Expense,,,,
2015,January,1/26/2015,MOMs,$15.88 ,Groceries,Food,"$5,065.40 ",Expense,,,,
2015,January,1/26/2015,Bollywood,$28.00 ,FUN,Personal,"$5,037.40 ",Expense,,,,
2015,January,1/26/2015,BJs,$47.14 ,Groceries,Food,"$4,990.26 ",Expense,,,,
2015,January,1/26/2015,World Vision,$60.00 ,Charity,Charity,"$4,930.26 ",Expense,,,,
2015,January,,DFAS,"$3,708.00 ",Joey Income,Gross Income,"$8,638.26 ",Income,,,,
2015,January,,FEGLI,$25.95 ,Life Insurance,Medical,"$8,612.31 ",Expense,,,,
2015,January,,FEHB,$111.53 ,Health Insurance,Medical,"$8,500.78 ",Expense,,,,
2015,January,,OASDI,$222.98 ,Social Security,Taxes,"$8,277.80 ",Expense,,,,
2015,January,,Federal Tax,$118.60 ,Federal Taxes,Taxes,"$8,159.20 ",Expense,,,,
2015,January,,Medicare,$52.15 ,Medicare,Taxes,"$8,107.05 ",Expense,,,,
2015,January,,State Tax,$130.86 ,State Taxes,Taxes,"$7,976.19 ",Expense,,,,
2015,January,,FERS,$29.66 ,FERS,Retirement,"$7,946.53 ",Expense,,,,
2015,January,,TSP,$185.40 ,TSP,Retirement,"$7,761.13 ",Expense,,,,
2015,January,,Transfer to Work,$704.98 ,Work,Work,"$7,056.15 ",Expense,,,,
2015,January,,Sheetz,$33.50 ,Gas,Transportation,"$7,022.65 ",Expense,,,,
2015,January,,Pancho Villa,$25.00 ,Dinners,Food,"$6,997.65 ",Expense,,,,
,,,,,,,"$6,997.65 ",,,,,
,,,,,,,"$6,997.65 ",,,,,
,,,,,,,"$6,997.65 ",,,,,
,,,,,,,"$6,997.65 ",,,,,
,,,,,,,"$6,997.65 ",,,,,
,,,,,,,"$6,997.65 ",,,,,
,,,,,,,"$6,997.65 ",,,,,
,,,,,,,"$6,997.65 ",,,,,
,,,,,,,"$6,997.65 ",,,,,
,,,,,,,"$6,997.65 ",,,,,
,,,,,,,"$6,997.65 ",,,,,
,,,,,,,"$6,997.65 ",,,,,
,,,,,,,"$6,997.65 ",,,,,
,,,,,,,"$6,997.65 ",,,,,
,,,,,,,"$6,997.65 ",,,,,
,,,,,,,"$6,997.65 ",,,,,
,,,,,,,"$6,997.65 ",,,,,
,,,,,,,"$6,997.65 ",,,,,
,,,,,,,"$6,997.65 ",,,,,
,,,,,,,"$6,997.65 ",,,,,
,,,,,,,"$6,997.65 ",,,,,
,,,,,,,"$6,997.65 ",,,,,
,,,,,,,"$6,997.65 ",,,,,
,,,,,,,"$6,997.65 ",,,,,
,,,,,,,"$6,997.65 ",,,,,
,,,,,,,"$6,997.65 ",,,,,
,,,,,,,"$6,997.65 ",,,,,
,,,,,,,"$6,997.65 ",,,,,
,,,,,,,"$6,997.65 ",,,,,
,,,,,,,"$6,997.65 ",,,,,
,,,,,,,"$6,997.65 ",,,,,
,,,,,,,"$6,997.65 ",,,,,
,,,,,,,"$6,997.65 ",,,,,
,,,,,,,"$6,997.65 ",,,,,
,,,,,,,"$6,997.65 ",,,,,
,,,,,,,"$6,997.65 ",,,,,
,,,,,,,"$6,997.65 ",,,,,
,,,,,,,"$6,997.65 ",,,,,
,,,,,,,"$6,997.65 ",,,,,
,,,,,,,"$6,997.65 ",,,,,
,,,,,,,"$6,997.65 ",,,,,
,,,,,,,"$6,997.65 ",,,,,
,,,,,,,"$6,997.65 ",,,,,
,,,,,,,"$6,997.65 ",,,,,
,,,,,,,"$6,997.65 ",,,,,
,,,,,,,"$6,997.65 ",,,,,
,,,,,,,"$6,997.65 ",,,,,
,,,,,,,"$6,997.65 ",,,,,
,,,,,,,"$6,997.65 ",,,,,
,,,,,,,"$6,997.65 ",,,,,
,,,,,,,"$6,997.65 ",,,,,
,,,,,,,"$6,997.65 ",,,,,
,,,,,,,"$6,997.65 ",,,,,
,,,,,,,"$6,997.65 ",,,,,
,,,,,,,"$6,997.65 ",,,,,
,,,,,,,"$6,997.65 ",,,,,
,,,,,,,"$6,997.65 ",,,,,
,,,,,,,"$6,997.65 ",,,,,
,,,,,,,"$6,997.65 ",,,,,
,,,,,,,"$6,997.65 ",,,,,
,,,,,,,"$6,997.65 ",,,,,
,,,,,,,"$6,997.65 ",,,,,
,,,,,,,"$6,997.65 ",,,,,
,,,,,,,"$6,997.65 ",,,,,
,,,,,,,"$6,997.65 ",,,,,
,,,,,,,"$6,997.65 ",,,,,
,,,,,,,"$6,997.65 ",,,,,
,,,,,,,"$6,997.65 ",,,,,
,,,,,,,"$6,997.65 ",,,,,
,,,,,,,"$6,997.65 ",,,,,
,,,,,,,"$6,997.65 ",,,,,
,,,,,,,"$6,997.65 ",,,,,
,,,,,,,"$6,997.65 ",,,,,
,,,,,,,"$6,997.65 ",,,,,
,,,,,,,"$6,997.65 ",,,,,
,,,,,,,"$6,997.65 ",,,,,
,,,,,,,"$6,997.65 ",,,,,
,,,,,,,"$6,997.65 ",,,,,
,,,,,,,"$6,997.65 ",,,,,
,,,,,,,"$6,997.65 ",,,,,
,,,,,,,"$6,997.65 ",,,,,
,,,,,,,"$6,997.65 ",,,,,
,,,,,,,"$6,997.65 ",,,,,
,,,,,,,"$6,997.65 ",,,,,
,,,,,,,"$6,997.65 ",,,,,
,,,,,,,"$6,997.65 ",,,,,
,,,,,,,"$6,997.65 ",,,,,
,,,,,,,"$6,997.65 ",,,,,
,,,,,,,"$6,997.65 ",,,,,
,,,,,,,"$6,997.65 ",,,,,
,,,,,,,"$6,997.65 ",,,,,
,,,,,,,"$6,997.65 ",,,,,
,,,,,,,"$6,997.65 ",,,,,
,,,,,,,"$6,997.65 ",,,,,
,,,,,,,"$6,997.65 ",,,,,
,,,,,,,"$6,997.65 ",,,,,
,,,,,,,"$6,997.65 ",,,,,
,,,,,,,"$6,997.65 ",,,,,
,,,,,,,"$6,997.65 ",,,,,
,,,,,,,"$6,997.65 ",,,,,
,,,,,,,"$6,997.65 ",,,,,
,,,,,,,"$6,997.65 ",,,,,
,,,,,,,"$6,997.65 ",,,,,
,,,,,,,"$6,997.65 ",,,,,
,,,,,,,"$6,997.65 ",,,,,
,,,,,,,"$6,997.65 ",,,,,
,,,,,,,"$6,997.65 ",,,,,
,,,,,,,"$6,997.65 ",,,,,
,,,,,,,"$6,997.65 ",,,,,
,,,,,,,"$6,997.65 ",,,,,
,,,,,,,"$6,997.65 ",,,,,
,,,,,,,"$6,997.65 ",,,,,
,,,,,,,"$6,997.65 ",,,,,
,,,,,,,"$6,997.65 ",,,,,
,,,,,,,"$6,997.65 ",,,,,
,,,,,,,"$6,997.65 ",,,,,
,,,,,,,"$6,997.65 ",,,,,
,,,,,,,"$6,997.65 ",,,,,
,,,,,,,"$6,997.65 ",,,,,
,,,,,,,"$6,997.65 ",,,,,
,,,,,,,"$6,997.65 ",,,,,
,,,,,,,"$6,997.65 ",,,,,
,,,,,,,"$6,997.65 ",,,,,
,,,,,,,"$6,997.65 ",,,,,
,,,,,,,"$6,997.65 ",,,,,
,,,,,,,"$6,997.65 ",,,,,
,,,,,,,"$6,997.65 ",,,,,
,,,,,,,"$6,997.65 ",,,,,
,,,,,,,"$6,997.65 ",,,,,
,,,,,,,"$6,997.65 ",,,,,
,,,,,,,"$6,997.65 ",,,,,
,,,,,,,"$6,997.65 ",,,,,
,,,,,,,"$6,997.65 ",,,,,
,,,,,,,"$6,997.65 ",,,,,
,,,,,,,"$6,997.65 ",,,,,
,,,,,,,"$6,997.65 ",,,,,
,,,,,,,"$6,997.65 ",,,,,
,,,,,,,"$6,997.65 ",,,,,
,,,,,,,"$6,997.65 ",,,,,
,,,,,,,"$6,997.65 ",,,,,
,,,,,,,"$6,997.65 ",,,,,
,,,,,,,"$6,997.65 ",,,,,
,,,,,,,"$6,997.65 ",,,,,
,,,,,,,"$6,997.65 ",,,,,
,,,,,,,"$6,997.65 ",,,,,
,,,,,,,"$6,997.65 ",,,,,
,,,,,,,"$6,997.65 ",,,,,
,,,,,,,"$6,997.65 ",,,,,
,,,,,,,"$6,997.65 ",,,,,
,,,,,,,"$6,997.65 ",,,,,
,,,,,,,"$6,997.65 ",,,,,
,,,,,,,"$6,997.65 ",,,,,
,,,,,,,"$6,997.65 ",,,,,
,,,,,,,"$6,997.65 ",,,,,
,,,,,,,"$6,997.65 ",,,,,
,,,,,,,"$6,997.65 ",,,,,
,,,,,,,"$6,997.65 ",,,,,
,,,,,,,"$6,997.65 ",,,,,
,,,,,,,"$6,997.65 ",,,,,
,,,,,,,"$6,997.65 ",,,,,
,,,,,,,"$6,997.65 ",,,,,
,,,,,,,"$6,997.65 ",,,,,
,,,,,,,"$6,997.65 ",,,,,
,,,,,,,"$6,997.65 ",,,,,
,,,,,,,"$6,997.65 ",,,,,
,,,,,,,"$6,997.65 ",,,,,
,,,,,,,"$6,997.65 ",,,,,
,,,,,,,"$6,997.65 ",,,,,
,,,,,,,"$6,997.65 ",,,,,
,,,,,,,"$6,997.65 ",,,,,
,,,,,,,"$6,997.65 ",,,,,
,,,,,,,"$6,997.65 ",,,,,
,,,,,,,"$6,997.65 ",,,,,
,,,,,,,"$6,997.65 ",,,,,
,,,,,,,"$6,997.65 ",,,,,
,,,,,,,"$6,997.65 ",,,,,
,,,,,,,"$6,997.65 ",,,,,
